<TICKER>,<PER>,<DATE>,<TIME>,<LAST>,<VOL>
USD000000TOD,0,20131204,100001,33.230000000,1000
USD000000TOD,0,20131204,100002,33.225000000,1000
USD000000TOD,0,20131204,100007,33.245500000,100000
USD000000TOD,0,20131204,100011,33.250000000,50000
USD000000TOD,0,20131204,100012,33.250000000,50000
USD000000TOD,0,20131204,100013,33.249500000,100000
USD000000TOD,0,20131204,100013,33.250000000,35000
USD000000TOD,0,20131204,100014,33.250000000,115000
USD000000TOD,0,20131204,100025,33.265000000,50000
USD000000TOD,0,20131204,100025,33.265000000,3000
USD000000TOD,0,20131204,100025,33.265000000,5000
USD000000TOD,0,20131204,100025,33.265000000,142000
USD000000TOD,0,20131204,100032,33.265000000,58000
USD000000TOD,0,20131204,100032,33.270000000,942000
USD000000TOD,0,20131204,100038,33.261500000,50000
USD000000TOD,0,20131204,100038,33.261500000,50000
USD000000TOD,0,20131204,100038,33.265000000,50000
USD000000TOD,0,20131204,100041,33.266000000,50000
USD000000TOD,0,20131204,100041,33.266000000,50000
USD000000TOD,0,20131204,100044,33.273500000,200000
USD000000TOD,0,20131204,100044,33.273500000,25000
USD000000TOD,0,20131204,100044,33.275000000,180000
USD000000TOD,0,20131204,100044,33.275500000,480000
USD000000TOD,0,20131204,100048,33.271000000,50000
USD000000TOD,0,20131204,100048,33.271000000,50000
USD000000TOD,0,20131204,100049,33.277500000,1000000
USD000000TOD,0,20131204,100050,33.270000000,15000
USD000000TOD,0,20131204,100050,33.267000000,200000
USD000000TOD,0,20131204,100050,33.266500000,285000
USD000000TOD,0,20131204,100050,33.266500000,100000
USD000000TOD,0,20131204,100050,33.270500000,500000
USD000000TOD,0,20131204,100050,33.266500000,100000
USD000000TOD,0,20131204,100050,33.266000000,40000
USD000000TOD,0,20131204,100050,33.266000000,10000
USD000000TOD,0,20131204,100051,33.265000000,31000
USD000000TOD,0,20131204,100051,33.261500000,30000
USD000000TOD,0,20131204,100051,33.261000000,500000
USD000000TOD,0,20131204,100051,33.260500000,200000
USD000000TOD,0,20131204,100052,33.264500000,200000
USD000000TOD,0,20131204,100053,33.264500000,1303000
USD000000TOD,0,20131204,100053,33.265500000,302000
USD000000TOD,0,20131204,100053,33.265500000,155000
USD000000TOD,0,20131204,100053,33.265500000,40000
USD000000TOD,0,20131204,100055,33.260500000,500000
USD000000TOD,0,20131204,100055,33.260500000,500000
USD000000TOD,0,20131204,100057,33.265000000,30000
USD000000TOD,0,20131204,100057,33.260500000,500000
USD000000TOD,0,20131204,100057,33.260500000,400000
USD000000TOD,0,20131204,100058,33.262000000,50000
USD000000TOD,0,20131204,100102,33.262000000,100000
USD000000TOD,0,20131204,100109,33.260000000,350000
USD000000TOD,0,20131204,100109,33.260000000,150000
USD000000TOD,0,20131204,100109,33.260000000,1324000
USD000000TOD,0,20131204,100109,33.260000000,100000
USD000000TOD,0,20131204,100109,33.256000000,53000
USD000000TOD,0,20131204,100109,33.255500000,447000
USD000000TOD,0,20131204,100109,33.255500000,53000
USD000000TOD,0,20131204,100119,33.257500000,800000
USD000000TOD,0,20131204,100119,33.258000000,200000
USD000000TOD,0,20131204,100121,33.253000000,42000
USD000000TOD,0,20131204,100126,33.253000000,3000
USD000000TOD,0,20131204,100130,33.252000000,8000
USD000000TOD,0,20131204,100130,33.252000000,13000
USD000000TOD,0,20131204,100130,33.252000000,30000
USD000000TOD,0,20131204,100130,33.252000000,5000
USD000000TOD,0,20131204,100130,33.252000000,140000
USD000000TOD,0,20131204,100130,33.252000000,5000
USD000000TOD,0,20131204,100130,33.252000000,4000
USD000000TOD,0,20131204,100133,33.251500000,46000
USD000000TOD,0,20131204,100133,33.251500000,5000
USD000000TOD,0,20131204,100139,33.252000000,1000
USD000000TOD,0,20131204,100139,33.255000000,50000
USD000000TOD,0,20131204,100139,33.251500000,56000
USD000000TOD,0,20131204,100140,33.251500000,893000
USD000000TOD,0,20131204,100140,33.250500000,107000
USD000000TOD,0,20131204,100140,33.251000000,207000
USD000000TOD,0,20131204,100140,33.250000000,10000
USD000000TOD,0,20131204,100140,33.250000000,500000
USD000000TOD,0,20131204,100141,33.250500000,1000000
USD000000TOD,0,20131204,100147,33.251500000,30000
USD000000TOD,0,20131204,100147,33.251000000,50000
USD000000TOD,0,20131204,100147,33.251500000,200000
USD000000TOD,0,20131204,100147,33.252500000,154000
USD000000TOD,0,20131204,100153,33.250000000,22000
USD000000TOD,0,20131204,100154,33.254000000,100000
USD000000TOD,0,20131204,100158,33.250000000,1000
USD000000TOD,0,20131204,100159,33.250000000,27000
USD000000TOD,0,20131204,100203,33.248000000,1000
USD000000TOD,0,20131204,100206,33.250000000,48000
USD000000TOD,0,20131204,100206,33.250000000,2000
USD000000TOD,0,20131204,100206,33.248000000,2000
USD000000TOD,0,20131204,100206,33.248000000,8000
USD000000TOD,0,20131204,100206,33.248000000,71000
USD000000TOD,0,20131204,100206,33.248000000,15000
USD000000TOD,0,20131204,100206,33.250000000,25000
USD000000TOD,0,20131204,100209,33.248500000,2000
USD000000TOD,0,20131204,100209,33.248500000,1000
USD000000TOD,0,20131204,100210,33.248500000,63000
USD000000TOD,0,20131204,100212,33.252000000,1000
USD000000TOD,0,20131204,100212,33.252500000,500000
USD000000TOD,0,20131204,100212,33.253500000,100000
USD000000TOD,0,20131204,100212,33.254000000,400000
USD000000TOD,0,20131204,100212,33.255000000,50000
USD000000TOD,0,20131204,100212,33.255000000,250000
USD000000TOD,0,20131204,100212,33.255000000,107000
USD000000TOD,0,20131204,100212,33.255000000,92000
USD000000TOD,0,20131204,100212,33.248000000,50000
USD000000TOD,0,20131204,100212,33.249000000,50000
USD000000TOD,0,20131204,100212,33.252500000,30000
USD000000TOD,0,20131204,100212,33.252500000,1000
USD000000TOD,0,20131204,100212,33.252500000,15000
USD000000TOD,0,20131204,100212,33.252500000,40000
USD000000TOD,0,20131204,100212,33.252500000,1000
USD000000TOD,0,20131204,100212,33.252500000,4000
USD000000TOD,0,20131204,100212,33.252500000,1000
USD000000TOD,0,20131204,100212,33.252500000,59000
USD000000TOD,0,20131204,100213,33.252500000,749000
USD000000TOD,0,20131204,100213,33.250000000,5000
USD000000TOD,0,20131204,100217,33.255000000,130000
USD000000TOD,0,20131204,100218,33.248000000,80000
USD000000TOD,0,20131204,100218,33.247500000,32000
USD000000TOD,0,20131204,100222,33.250000000,6000
USD000000TOD,0,20131204,100222,33.250000000,5000
USD000000TOD,0,20131204,100222,33.250000000,4000
USD000000TOD,0,20131204,100222,33.250000000,1000
USD000000TOD,0,20131204,100222,33.250000000,12000
USD000000TOD,0,20131204,100223,33.250000000,172000
USD000000TOD,0,20131204,100223,33.250000000,28000
USD000000TOD,0,20131204,100223,33.250000000,272000
USD000000TOD,0,20131204,100223,33.247500000,968000
USD000000TOD,0,20131204,100224,33.250000000,44000
USD000000TOD,0,20131204,100224,33.250000000,256000
USD000000TOD,0,20131204,100224,33.246500000,21000
USD000000TOD,0,20131204,100224,33.246500000,179000
USD000000TOD,0,20131204,100227,33.250000000,50000
USD000000TOD,0,20131204,100232,33.250000000,34000
USD000000TOD,0,20131204,100233,33.250000000,1000
USD000000TOD,0,20131204,100233,33.250000000,3000
USD000000TOD,0,20131204,100233,33.250000000,5000
USD000000TOD,0,20131204,100233,33.250000000,62000
USD000000TOD,0,20131204,100233,33.250000000,1000
USD000000TOD,0,20131204,100233,33.250000000,4000
USD000000TOD,0,20131204,100233,33.250000000,1000
USD000000TOD,0,20131204,100239,33.252000000,200000
USD000000TOD,0,20131204,100239,33.252000000,27000
USD000000TOD,0,20131204,100239,33.252000000,33000
USD000000TOD,0,20131204,100240,33.250000000,105000
USD000000TOD,0,20131204,100240,33.250000000,100000
USD000000TOD,0,20131204,100240,33.250000000,30000
USD000000TOD,0,20131204,100240,33.247000000,200000
USD000000TOD,0,20131204,100240,33.246500000,235000
USD000000TOD,0,20131204,100240,33.246500000,265000
USD000000TOD,0,20131204,100241,33.250000000,50000
USD000000TOD,0,20131204,100245,33.251000000,400000
USD000000TOD,0,20131204,100245,33.252500000,500000
USD000000TOD,0,20131204,100245,33.252500000,50000
USD000000TOD,0,20131204,100245,33.252500000,693000
USD000000TOD,0,20131204,100245,33.252500000,357000
USD000000TOD,0,20131204,100245,33.247500000,5000
USD000000TOD,0,20131204,100246,33.251000000,100000
USD000000TOD,0,20131204,100249,33.252000000,3000
USD000000TOD,0,20131204,100249,33.251000000,100000
USD000000TOD,0,20131204,100249,33.250500000,400000
USD000000TOD,0,20131204,100249,33.250000000,26000
USD000000TOD,0,20131204,100249,33.248500000,350000
USD000000TOD,0,20131204,100249,33.247500000,200000
USD000000TOD,0,20131204,100249,33.249500000,250000
USD000000TOD,0,20131204,100249,33.254000000,69000
USD000000TOD,0,20131204,100304,33.247500000,30000
USD000000TOD,0,20131204,100304,33.247500000,30000
USD000000TOD,0,20131204,100304,33.246500000,69000
USD000000TOD,0,20131204,100304,33.246500000,50000
USD000000TOD,0,20131204,100304,33.246000000,400000
USD000000TOD,0,20131204,100304,33.246000000,1000000
USD000000TOD,0,20131204,100304,33.246000000,79000
USD000000TOD,0,20131204,100304,33.246000000,544000
USD000000TOD,0,20131204,100304,33.245500000,1000000
USD000000TOD,0,20131204,100304,33.245500000,100000
USD000000TOD,0,20131204,100304,33.246000000,520000
USD000000TOD,0,20131204,100304,33.243500000,653000
USD000000TOD,0,20131204,100305,33.245500000,100000
USD000000TOD,0,20131204,100306,33.243500000,300000
USD000000TOD,0,20131204,100307,33.243500000,47000
USD000000TOD,0,20131204,100307,33.243000000,203000
USD000000TOD,0,20131204,100307,33.243000000,123000
USD000000TOD,0,20131204,100307,33.243000000,23000
USD000000TOD,0,20131204,100309,33.245000000,276000
USD000000TOD,0,20131204,100309,33.246000000,1278000
USD000000TOD,0,20131204,100309,33.247000000,30000
USD000000TOD,0,20131204,100316,33.250000000,100000
USD000000TOD,0,20131204,100316,33.245500000,12000
USD000000TOD,0,20131204,100316,33.244000000,39000
USD000000TOD,0,20131204,100316,33.244000000,25000
USD000000TOD,0,20131204,100316,33.243500000,424000
USD000000TOD,0,20131204,100319,33.249500000,23000
USD000000TOD,0,20131204,100320,33.249500000,32000
USD000000TOD,0,20131204,100328,33.249500000,15000
USD000000TOD,0,20131204,100330,33.249000000,11000
USD000000TOD,0,20131204,100335,33.247500000,243000
USD000000TOD,0,20131204,100336,33.244500000,70000
USD000000TOD,0,20131204,100336,33.244000000,50000
USD000000TOD,0,20131204,100336,33.244000000,52000
USD000000TOD,0,20131204,100338,33.247000000,50000
USD000000TOD,0,20131204,100340,33.244500000,11000
USD000000TOD,0,20131204,100345,33.247500000,80000
USD000000TOD,0,20131204,100345,33.248000000,200000
USD000000TOD,0,20131204,100345,33.248000000,136000
USD000000TOD,0,20131204,100348,33.246000000,80000
USD000000TOD,0,20131204,100348,33.246000000,179000
USD000000TOD,0,20131204,100348,33.250000000,3000
USD000000TOD,0,20131204,100407,33.255000000,19000
USD000000TOD,0,20131204,100411,33.250000000,17000
USD000000TOD,0,20131204,100412,33.255000000,40000
USD000000TOD,0,20131204,100412,33.252500000,30000
USD000000TOD,0,20131204,100413,33.255000000,100000
USD000000TOD,0,20131204,100421,33.253000000,1000
USD000000TOD,0,20131204,100421,33.255000000,19000
USD000000TOD,0,20131204,100431,33.255000000,227000
USD000000TOD,0,20131204,100439,33.258500000,55000
USD000000TOD,0,20131204,100442,33.258500000,25000
USD000000TOD,0,20131204,100442,33.259000000,12000
USD000000TOD,0,20131204,100447,33.259000000,37000
USD000000TOD,0,20131204,100450,33.258500000,5000
USD000000TOD,0,20131204,100451,33.259000000,30000
USD000000TOD,0,20131204,100451,33.259000000,500000
USD000000TOD,0,20131204,100451,33.259500000,3776000
USD000000TOD,0,20131204,100454,33.259000000,158000
USD000000TOD,0,20131204,100456,33.260000000,54000
USD000000TOD,0,20131204,100457,33.258500000,100000
USD000000TOD,0,20131204,100500,33.255000000,76000
USD000000TOD,0,20131204,100500,33.255000000,124000
USD000000TOD,0,20131204,100501,33.258500000,5000
USD000000TOD,0,20131204,100506,33.255500000,265000
USD000000TOD,0,20131204,100510,33.258500000,400000
USD000000TOD,0,20131204,100510,33.259000000,2000000
USD000000TOD,0,20131204,100510,33.259000000,500000
USD000000TOD,0,20131204,100510,33.259500000,400000
USD000000TOD,0,20131204,100510,33.260000000,14000
USD000000TOD,0,20131204,100510,33.257500000,14000
USD000000TOD,0,20131204,100511,33.260000000,1900000
USD000000TOD,0,20131204,100515,33.258000000,500000
USD000000TOD,0,20131204,100515,33.258000000,500000
USD000000TOD,0,20131204,100515,33.258000000,375000
USD000000TOD,0,20131204,100517,33.260000000,20000
USD000000TOD,0,20131204,100519,33.260000000,436000
USD000000TOD,0,20131204,100519,33.260000000,16000
USD000000TOD,0,20131204,100519,33.260000000,560000
USD000000TOD,0,20131204,100519,33.260000000,50000
USD000000TOD,0,20131204,100529,33.260500000,477000
USD000000TOD,0,20131204,100529,33.260500000,23000
USD000000TOD,0,20131204,100534,33.264000000,18000
USD000000TOD,0,20131204,100537,33.262500000,103000
USD000000TOD,0,20131204,100537,33.262500000,297000
USD000000TOD,0,20131204,100537,33.264500000,200000
USD000000TOD,0,20131204,100537,33.264500000,500000
USD000000TOD,0,20131204,100537,33.265000000,295000
USD000000TOD,0,20131204,100537,33.265000000,5000
USD000000TOD,0,20131204,100543,33.265000000,297000
USD000000TOD,0,20131204,100546,33.265000000,198000
USD000000TOD,0,20131204,100546,33.265500000,45000
USD000000TOD,0,20131204,100548,33.265000000,7000
USD000000TOD,0,20131204,100548,33.263000000,7000
USD000000TOD,0,20131204,100550,33.265000000,100000
USD000000TOD,0,20131204,100550,33.263000000,493000
USD000000TOD,0,20131204,100550,33.263000000,7000
USD000000TOD,0,20131204,100557,33.262500000,500000
USD000000TOD,0,20131204,100558,33.261000000,50000
USD000000TOD,0,20131204,100601,33.262500000,300000
USD000000TOD,0,20131204,100601,33.262500000,16000
USD000000TOD,0,20131204,100603,33.260000000,50000
USD000000TOD,0,20131204,100603,33.260000000,2000000
USD000000TOD,0,20131204,100606,33.260000000,800000
USD000000TOD,0,20131204,100606,33.260000000,200000
USD000000TOD,0,20131204,100606,33.262500000,484000
USD000000TOD,0,20131204,100606,33.262500000,195000
USD000000TOD,0,20131204,100606,33.262500000,73000
USD000000TOD,0,20131204,100606,33.263000000,679000
USD000000TOD,0,20131204,100607,33.260000000,80000
USD000000TOD,0,20131204,100607,33.259500000,200000
USD000000TOD,0,20131204,100607,33.259500000,150000
USD000000TOD,0,20131204,100607,33.258500000,200000
USD000000TOD,0,20131204,100607,33.259000000,300000
USD000000TOD,0,20131204,100607,33.260000000,250000
USD000000TOD,0,20131204,100607,33.259500000,8000
USD000000TOD,0,20131204,100609,33.259500000,92000
USD000000TOD,0,20131204,100616,33.260000000,62000
USD000000TOD,0,20131204,100617,33.257500000,500000
USD000000TOD,0,20131204,100620,33.260000000,60000
USD000000TOD,0,20131204,100626,33.260000000,149000
USD000000TOD,0,20131204,100650,33.260000000,100000
USD000000TOD,0,20131204,100650,33.260000000,91000
USD000000TOD,0,20131204,100656,33.260000000,109000
USD000000TOD,0,20131204,100656,33.260000000,391000
USD000000TOD,0,20131204,100656,33.261500000,609000
USD000000TOD,0,20131204,100656,33.258500000,27000
USD000000TOD,0,20131204,100656,33.258500000,80000
USD000000TOD,0,20131204,100700,33.261500000,80000
USD000000TOD,0,20131204,100700,33.262000000,163000
USD000000TOD,0,20131204,100704,33.260000000,3000
USD000000TOD,0,20131204,100707,33.260000000,11000
USD000000TOD,0,20131204,100707,33.260000000,189000
USD000000TOD,0,20131204,100707,33.260000000,11000
USD000000TOD,0,20131204,100707,33.258000000,30000
USD000000TOD,0,20131204,100707,33.258000000,80000
USD000000TOD,0,20131204,100707,33.261000000,107000
USD000000TOD,0,20131204,100707,33.260000000,100000
USD000000TOD,0,20131204,100707,33.257500000,100000
USD000000TOD,0,20131204,100712,33.260000000,200000
USD000000TOD,0,20131204,100712,33.260000000,200000
USD000000TOD,0,20131204,100712,33.260000000,1311000
USD000000TOD,0,20131204,100714,33.260000000,8000
USD000000TOD,0,20131204,100716,33.261000000,27000
USD000000TOD,0,20131204,100719,33.261000000,2000
USD000000TOD,0,20131204,100719,33.261000000,1000
USD000000TOD,0,20131204,100719,33.261000000,6000
USD000000TOD,0,20131204,100720,33.261000000,100000
USD000000TOD,0,20131204,100726,33.262000000,15000
USD000000TOD,0,20131204,100728,33.262000000,100000
USD000000TOD,0,20131204,100731,33.261000000,500000
USD000000TOD,0,20131204,100731,33.260500000,414000
USD000000TOD,0,20131204,100731,33.260000000,200000
USD000000TOD,0,20131204,100731,33.260000000,513000
USD000000TOD,0,20131204,100731,33.260000000,494000
USD000000TOD,0,20131204,100733,33.260000000,176000
USD000000TOD,0,20131204,100733,33.260000000,1298000
USD000000TOD,0,20131204,100733,33.260000000,200000
USD000000TOD,0,20131204,100733,33.260000000,6000
USD000000TOD,0,20131204,100741,33.260000000,100000
USD000000TOD,0,20131204,100741,33.257500000,200000
USD000000TOD,0,20131204,100747,33.257500000,60000
USD000000TOD,0,20131204,100755,33.257500000,1640000
USD000000TOD,0,20131204,100755,33.257500000,27000
USD000000TOD,0,20131204,100755,33.257000000,499000
USD000000TOD,0,20131204,100756,33.257500000,60000
USD000000TOD,0,20131204,100756,33.258500000,140000
USD000000TOD,0,20131204,100825,33.255500000,30000
USD000000TOD,0,20131204,100825,33.255000000,100000
USD000000TOD,0,20131204,100825,33.255000000,10000
USD000000TOD,0,20131204,100825,33.255000000,2000000
USD000000TOD,0,20131204,100830,33.255500000,2000
USD000000TOD,0,20131204,100834,33.255500000,78000
USD000000TOD,0,20131204,100834,33.255500000,222000
USD000000TOD,0,20131204,100834,33.255500000,519000
USD000000TOD,0,20131204,100834,33.255500000,953000
USD000000TOD,0,20131204,100851,33.259000000,500000
USD000000TOD,0,20131204,100851,33.260000000,400000
USD000000TOD,0,20131204,100851,33.260000000,400000
USD000000TOD,0,20131204,100851,33.260000000,50000
USD000000TOD,0,20131204,100851,33.260000000,650000
USD000000TOD,0,20131204,100851,33.256000000,20000
USD000000TOD,0,20131204,100856,33.260000000,200000
USD000000TOD,0,20131204,100858,33.257000000,22000
USD000000TOD,0,20131204,100900,33.257000000,40000
USD000000TOD,0,20131204,100903,33.260500000,100000
USD000000TOD,0,20131204,100906,33.260500000,11000
USD000000TOD,0,20131204,100906,33.260500000,126000
USD000000TOD,0,20131204,100911,33.260500000,263000
USD000000TOD,0,20131204,100918,33.261000000,500000
USD000000TOD,0,20131204,100918,33.260500000,100000
USD000000TOD,0,20131204,100918,33.260500000,100000
USD000000TOD,0,20131204,100918,33.260000000,2000
USD000000TOD,0,20131204,100952,33.261000000,285000
USD000000TOD,0,20131204,100955,33.261000000,982000
USD000000TOD,0,20131204,101004,33.260000000,44000
USD000000TOD,0,20131204,101004,33.260000000,56000
USD000000TOD,0,20131204,101004,33.261000000,300000
USD000000TOD,0,20131204,101006,33.261000000,100000
USD000000TOD,0,20131204,101008,33.261000000,200000
USD000000TOD,0,20131204,101008,33.261000000,229000
USD000000TOD,0,20131204,101008,33.262000000,385000
USD000000TOD,0,20131204,101009,33.261000000,38000
USD000000TOD,0,20131204,101011,33.261000000,462000
USD000000TOD,0,20131204,101011,33.261000000,38000
USD000000TOD,0,20131204,101011,33.265000000,100000
USD000000TOD,0,20131204,101031,33.260000000,44000
USD000000TOD,0,20131204,101031,33.260000000,31000
USD000000TOD,0,20131204,101036,33.260000000,25000
USD000000TOD,0,20131204,101047,33.261500000,1000000
USD000000TOD,0,20131204,101047,33.262500000,500000
USD000000TOD,0,20131204,101047,33.262500000,400000
USD000000TOD,0,20131204,101047,33.262500000,100000
USD000000TOD,0,20131204,101047,33.258000000,15000
USD000000TOD,0,20131204,101047,33.258000000,21000
USD000000TOD,0,20131204,101048,33.262500000,200000
USD000000TOD,0,20131204,101048,33.262500000,230000
USD000000TOD,0,20131204,101048,33.262500000,50000
USD000000TOD,0,20131204,101053,33.260000000,100000
USD000000TOD,0,20131204,101055,33.264500000,75000
USD000000TOD,0,20131204,101055,33.264500000,25000
USD000000TOD,0,20131204,101124,33.261500000,75000
USD000000TOD,0,20131204,101128,33.260000000,150000
USD000000TOD,0,20131204,101128,33.260000000,86000
USD000000TOD,0,20131204,101129,33.259500000,136000
USD000000TOD,0,20131204,101129,33.260000000,64000
USD000000TOD,0,20131204,101130,33.259000000,30000
USD000000TOD,0,20131204,101130,33.259000000,68000
USD000000TOD,0,20131204,101130,33.259000000,7000
USD000000TOD,0,20131204,101130,33.259000000,200000
USD000000TOD,0,20131204,101130,33.259000000,16000
USD000000TOD,0,20131204,101130,33.259000000,209000
USD000000TOD,0,20131204,101133,33.259500000,30000
USD000000TOD,0,20131204,101134,33.259000000,40000
USD000000TOD,0,20131204,101151,33.259000000,20000
USD000000TOD,0,20131204,101155,33.258000000,164000
USD000000TOD,0,20131204,101159,33.259000000,164000
USD000000TOD,0,20131204,101203,33.259000000,78000
USD000000TOD,0,20131204,101205,33.259000000,30000
USD000000TOD,0,20131204,101205,33.258000000,136000
USD000000TOD,0,20131204,101205,33.257500000,34000
USD000000TOD,0,20131204,101216,33.259500000,10000
USD000000TOD,0,20131204,101217,33.259500000,12000
USD000000TOD,0,20131204,101217,33.257500000,12000
USD000000TOD,0,20131204,101220,33.260000000,300000
USD000000TOD,0,20131204,101224,33.260000000,200000
USD000000TOD,0,20131204,101231,33.257500000,4000
USD000000TOD,0,20131204,101231,33.257500000,100000
USD000000TOD,0,20131204,101231,33.257500000,30000
USD000000TOD,0,20131204,101231,33.257500000,53000
USD000000TOD,0,20131204,101231,33.257000000,74000
USD000000TOD,0,20131204,101236,33.257000000,110000
USD000000TOD,0,20131204,101259,33.260000000,4200000
USD000000TOD,0,20131204,101259,33.260000000,14000
USD000000TOD,0,20131204,101259,33.260000000,786000
USD000000TOD,0,20131204,101310,33.261000000,350000
USD000000TOD,0,20131204,101324,33.260000000,8000
USD000000TOD,0,20131204,101340,33.258000000,100000
USD000000TOD,0,20131204,101343,33.260000000,231000
USD000000TOD,0,20131204,101348,33.260000000,853000
USD000000TOD,0,20131204,101348,33.260000000,472000
USD000000TOD,0,20131204,101349,33.260000000,436000
USD000000TOD,0,20131204,101355,33.258500000,80000
USD000000TOD,0,20131204,101355,33.258500000,375000
USD000000TOD,0,20131204,101355,33.258500000,500000
USD000000TOD,0,20131204,101355,33.257500000,1045000
USD000000TOD,0,20131204,101356,33.258500000,9000
USD000000TOD,0,20131204,101358,33.258500000,500000
USD000000TOD,0,20131204,101358,33.258000000,25000
USD000000TOD,0,20131204,101358,33.258000000,475000
USD000000TOD,0,20131204,101358,33.261000000,398000
USD000000TOD,0,20131204,101402,33.261000000,87000
USD000000TOD,0,20131204,101405,33.260000000,1000000
USD000000TOD,0,20131204,101409,33.261000000,15000
USD000000TOD,0,20131204,101412,33.262000000,500000
USD000000TOD,0,20131204,101412,33.262500000,2000000
USD000000TOD,0,20131204,101412,33.264000000,200000
USD000000TOD,0,20131204,101412,33.262500000,679000
USD000000TOD,0,20131204,101415,33.262500000,3000000
USD000000TOD,0,20131204,101415,33.262500000,1321000
USD000000TOD,0,20131204,101415,33.261500000,429000
USD000000TOD,0,20131204,101418,33.263500000,10000
USD000000TOD,0,20131204,101423,33.261000000,185000
USD000000TOD,0,20131204,101426,33.261000000,8000
USD000000TOD,0,20131204,101430,33.261000000,89000
USD000000TOD,0,20131204,101436,33.262500000,20000
USD000000TOD,0,20131204,101443,33.260000000,12000
USD000000TOD,0,20131204,101444,33.262500000,111000
USD000000TOD,0,20131204,101444,33.260000000,101000
USD000000TOD,0,20131204,101444,33.258500000,188000
USD000000TOD,0,20131204,101452,33.259500000,10000
USD000000TOD,0,20131204,101452,33.259000000,61000
USD000000TOD,0,20131204,101528,33.260000000,139000
USD000000TOD,0,20131204,101528,33.260000000,1000
USD000000TOD,0,20131204,101530,33.259000000,226000
USD000000TOD,0,20131204,101530,33.260000000,40000
USD000000TOD,0,20131204,101532,33.260000000,500000
USD000000TOD,0,20131204,101534,33.259000000,10000
USD000000TOD,0,20131204,101534,33.258500000,10000
USD000000TOD,0,20131204,101534,33.260000000,200000
USD000000TOD,0,20131204,101537,33.260000000,10000
USD000000TOD,0,20131204,101538,33.258500000,125000
USD000000TOD,0,20131204,101542,33.258500000,330000
USD000000TOD,0,20131204,101542,33.258500000,2000
USD000000TOD,0,20131204,101547,33.258500000,125000
USD000000TOD,0,20131204,101551,33.258500000,167000
USD000000TOD,0,20131204,101557,33.260000000,23000
USD000000TOD,0,20131204,101559,33.260000000,36000
USD000000TOD,0,20131204,101601,33.260000000,100000
USD000000TOD,0,20131204,101610,33.258500000,53000
USD000000TOD,0,20131204,101610,33.258500000,10000
USD000000TOD,0,20131204,101610,33.258500000,50000
USD000000TOD,0,20131204,101610,33.258500000,100000
USD000000TOD,0,20131204,101610,33.258000000,87000
USD000000TOD,0,20131204,101619,33.260000000,8000
USD000000TOD,0,20131204,101633,33.258000000,13000
USD000000TOD,0,20131204,101634,33.260000000,82000
USD000000TOD,0,20131204,101634,33.260000000,699000
USD000000TOD,0,20131204,101650,33.257500000,425000
USD000000TOD,0,20131204,101650,33.257500000,30000
USD000000TOD,0,20131204,101659,33.256500000,651000
USD000000TOD,0,20131204,101705,33.256000000,81000
USD000000TOD,0,20131204,101705,33.258500000,200000
USD000000TOD,0,20131204,101705,33.256000000,15000
USD000000TOD,0,20131204,101706,33.256000000,280000
USD000000TOD,0,20131204,101708,33.256000000,10000
USD000000TOD,0,20131204,101710,33.257000000,200000
USD000000TOD,0,20131204,101711,33.257000000,100000
USD000000TOD,0,20131204,101713,33.257000000,25000
USD000000TOD,0,20131204,101715,33.257000000,175000
USD000000TOD,0,20131204,101715,33.256000000,200000
USD000000TOD,0,20131204,101715,33.256000000,200000
USD000000TOD,0,20131204,101715,33.257000000,20000
USD000000TOD,0,20131204,101715,33.256000000,514000
USD000000TOD,0,20131204,101715,33.255500000,30000
USD000000TOD,0,20131204,101715,33.257000000,50000
USD000000TOD,0,20131204,101715,33.255000000,100000
USD000000TOD,0,20131204,101715,33.255000000,10000
USD000000TOD,0,20131204,101715,33.256500000,63000
USD000000TOD,0,20131204,101718,33.256500000,17000
USD000000TOD,0,20131204,101718,33.256500000,7000
USD000000TOD,0,20131204,101727,33.255000000,25000
USD000000TOD,0,20131204,101727,33.255500000,65000
USD000000TOD,0,20131204,101727,33.256500000,4000
USD000000TOD,0,20131204,101729,33.256500000,301000
USD000000TOD,0,20131204,101732,33.255500000,500000
USD000000TOD,0,20131204,101732,33.255500000,200000
USD000000TOD,0,20131204,101732,33.256500000,95000
USD000000TOD,0,20131204,101732,33.256500000,53000
USD000000TOD,0,20131204,101732,33.256500000,135000
USD000000TOD,0,20131204,101733,33.256500000,500000
USD000000TOD,0,20131204,101733,33.256500000,784000
USD000000TOD,0,20131204,101733,33.256500000,1716000
USD000000TOD,0,20131204,101733,33.254000000,500000
USD000000TOD,0,20131204,101733,33.253500000,113000
USD000000TOD,0,20131204,101733,33.253000000,50000
USD000000TOD,0,20131204,101733,33.253000000,337000
USD000000TOD,0,20131204,101733,33.253000000,5000
USD000000TOD,0,20131204,101736,33.256500000,10000
USD000000TOD,0,20131204,101738,33.256500000,164000
USD000000TOD,0,20131204,101752,33.253500000,30000
USD000000TOD,0,20131204,101802,33.255500000,50000
USD000000TOD,0,20131204,101802,33.255500000,369000
USD000000TOD,0,20131204,101809,33.252500000,44000
USD000000TOD,0,20131204,101814,33.252500000,10000
USD000000TOD,0,20131204,101820,33.254500000,300000
USD000000TOD,0,20131204,101824,33.252500000,15000
USD000000TOD,0,20131204,101824,33.252500000,85000
USD000000TOD,0,20131204,101824,33.251000000,400000
USD000000TOD,0,20131204,101824,33.251000000,15000
USD000000TOD,0,20131204,101824,33.251000000,35000
USD000000TOD,0,20131204,101824,33.251000000,465000
USD000000TOD,0,20131204,101825,33.253500000,375000
USD000000TOD,0,20131204,101825,33.253500000,125000
USD000000TOD,0,20131204,101827,33.251500000,39000
USD000000TOD,0,20131204,101827,33.254000000,3000
USD000000TOD,0,20131204,101833,33.250500000,30000
USD000000TOD,0,20131204,101833,33.250500000,80000
USD000000TOD,0,20131204,101833,33.250000000,100000
USD000000TOD,0,20131204,101833,33.250000000,100000
USD000000TOD,0,20131204,101833,33.250000000,100000
USD000000TOD,0,20131204,101833,33.250000000,400000
USD000000TOD,0,20131204,101833,33.250000000,190000
USD000000TOD,0,20131204,101834,33.253500000,80000
USD000000TOD,0,20131204,101834,33.253500000,220000
USD000000TOD,0,20131204,101840,33.253500000,60000
USD000000TOD,0,20131204,101847,33.253500000,75000
USD000000TOD,0,20131204,101847,33.254000000,400000
USD000000TOD,0,20131204,101847,33.254000000,1000000
USD000000TOD,0,20131204,101847,33.254000000,500000
USD000000TOD,0,20131204,101847,33.254000000,1312000
USD000000TOD,0,20131204,101847,33.254000000,713000
USD000000TOD,0,20131204,101847,33.250500000,14000
USD000000TOD,0,20131204,101848,33.251000000,33000
USD000000TOD,0,20131204,101849,33.253500000,41000
USD000000TOD,0,20131204,101849,33.253500000,34000
USD000000TOD,0,20131204,101900,33.250500000,50000
USD000000TOD,0,20131204,101900,33.250000000,400000
USD000000TOD,0,20131204,101900,33.250000000,50000
USD000000TOD,0,20131204,101900,33.253500000,65000
USD000000TOD,0,20131204,101902,33.254000000,177000
USD000000TOD,0,20131204,101912,33.251000000,20000
USD000000TOD,0,20131204,101913,33.254000000,400000
USD000000TOD,0,20131204,101913,33.254000000,398000
USD000000TOD,0,20131204,101913,33.254000000,1493000
USD000000TOD,0,20131204,101913,33.254000000,9000
USD000000TOD,0,20131204,101913,33.251000000,40000
USD000000TOD,0,20131204,101914,33.251500000,20000
USD000000TOD,0,20131204,101933,33.255500000,59000
USD000000TOD,0,20131204,101935,33.255500000,500000
USD000000TOD,0,20131204,101948,33.255500000,2016000
USD000000TOD,0,20131204,101948,33.256000000,60000
USD000000TOD,0,20131204,101948,33.257000000,139000
USD000000TOD,0,20131204,101948,33.257000000,201000
USD000000TOD,0,20131204,101948,33.257000000,39000
USD000000TOD,0,20131204,101948,33.257000000,272000
USD000000TOD,0,20131204,101949,33.257000000,15024000
USD000000TOD,0,20131204,101949,33.257000000,311000
USD000000TOD,0,20131204,101949,33.257000000,405000
USD000000TOD,0,20131204,101954,33.257000000,60000
USD000000TOD,0,20131204,102005,33.257000000,50000
USD000000TOD,0,20131204,102024,33.254000000,500000
USD000000TOD,0,20131204,102024,33.254000000,250000
USD000000TOD,0,20131204,102024,33.253500000,500000
USD000000TOD,0,20131204,102024,33.253500000,250000
USD000000TOD,0,20131204,102025,33.256500000,500000
USD000000TOD,0,20131204,102026,33.257000000,300000
USD000000TOD,0,20131204,102026,33.257000000,348000
USD000000TOD,0,20131204,102026,33.253500000,135000
USD000000TOD,0,20131204,102027,33.253500000,30000
USD000000TOD,0,20131204,102031,33.256500000,220000
USD000000TOD,0,20131204,102031,33.257500000,500000
USD000000TOD,0,20131204,102031,33.257500000,280000
USD000000TOD,0,20131204,102109,33.257000000,10000
USD000000TOD,0,20131204,102110,33.255000000,31000
USD000000TOD,0,20131204,102110,33.255000000,200000
USD000000TOD,0,20131204,102112,33.255000000,231000
USD000000TOD,0,20131204,102112,33.255500000,500000
USD000000TOD,0,20131204,102112,33.255500000,44000
USD000000TOD,0,20131204,102118,33.255500000,156000
USD000000TOD,0,20131204,102120,33.254500000,500000
USD000000TOD,0,20131204,102120,33.254500000,44000
USD000000TOD,0,20131204,102120,33.254500000,156000
USD000000TOD,0,20131204,102134,33.254500000,200000
USD000000TOD,0,20131204,102134,33.254500000,100000
USD000000TOD,0,20131204,102143,33.254000000,51000
USD000000TOD,0,20131204,102148,33.254000000,6000
USD000000TOD,0,20131204,102148,33.254000000,150000
USD000000TOD,0,20131204,102200,33.255000000,50000
USD000000TOD,0,20131204,102200,33.255000000,200000
USD000000TOD,0,20131204,102208,33.256000000,30000
USD000000TOD,0,20131204,102208,33.256000000,13000
USD000000TOD,0,20131204,102209,33.255000000,82000
USD000000TOD,0,20131204,102209,33.255000000,71000
USD000000TOD,0,20131204,102212,33.258500000,10000
USD000000TOD,0,20131204,102221,33.256000000,110000
USD000000TOD,0,20131204,102224,33.257500000,200000
USD000000TOD,0,20131204,102234,33.257000000,200000
USD000000TOD,0,20131204,102236,33.254500000,191000
USD000000TOD,0,20131204,102238,33.257000000,47000
USD000000TOD,0,20131204,102241,33.254000000,69000
USD000000TOD,0,20131204,102241,33.254000000,1000
USD000000TOD,0,20131204,102241,33.254000000,174000
USD000000TOD,0,20131204,102241,33.254000000,100000
USD000000TOD,0,20131204,102241,33.253000000,250000
USD000000TOD,0,20131204,102246,33.254000000,13000
USD000000TOD,0,20131204,102256,33.254500000,232000
USD000000TOD,0,20131204,102258,33.256500000,43000
USD000000TOD,0,20131204,102258,33.256500000,1000
USD000000TOD,0,20131204,102310,33.255500000,51000
USD000000TOD,0,20131204,102310,33.257000000,549000
USD000000TOD,0,20131204,102315,33.255500000,62000
USD000000TOD,0,20131204,102321,33.255500000,135000
USD000000TOD,0,20131204,102321,33.255500000,67000
USD000000TOD,0,20131204,102326,33.255000000,200000
USD000000TOD,0,20131204,102332,33.255500000,200000
USD000000TOD,0,20131204,102332,33.255500000,826000
USD000000TOD,0,20131204,102332,33.255500000,200000
USD000000TOD,0,20131204,102332,33.255500000,510000
USD000000TOD,0,20131204,102342,33.255000000,25000
USD000000TOD,0,20131204,102356,33.256500000,1000000
USD000000TOD,0,20131204,102356,33.256500000,1843000
USD000000TOD,0,20131204,102356,33.256500000,1162000
USD000000TOD,0,20131204,102356,33.256500000,1000000
USD000000TOD,0,20131204,102357,33.256500000,4000
USD000000TOD,0,20131204,102357,33.256500000,2000000
USD000000TOD,0,20131204,102357,33.256500000,200000
USD000000TOD,0,20131204,102357,33.256500000,200000
USD000000TOD,0,20131204,102359,33.256500000,6000
USD000000TOD,0,20131204,102359,33.256500000,1000
USD000000TOD,0,20131204,102400,33.256500000,232000
USD000000TOD,0,20131204,102400,33.256500000,352000
USD000000TOD,0,20131204,102400,33.254500000,232000
USD000000TOD,0,20131204,102400,33.255500000,352000
USD000000TOD,0,20131204,102400,33.254000000,102000
USD000000TOD,0,20131204,102416,33.255000000,12000
USD000000TOD,0,20131204,102416,33.255500000,148000
USD000000TOD,0,20131204,102416,33.256500000,90000
USD000000TOD,0,20131204,102418,33.255500000,500000
USD000000TOD,0,20131204,102426,33.256500000,21000
USD000000TOD,0,20131204,102454,33.257000000,200000
USD000000TOD,0,20131204,102458,33.257000000,200000
USD000000TOD,0,20131204,102513,33.255500000,160000
USD000000TOD,0,20131204,102514,33.256000000,1000000
USD000000TOD,0,20131204,102515,33.255000000,100000
USD000000TOD,0,20131204,102515,33.255000000,30000
USD000000TOD,0,20131204,102515,33.255000000,30000
USD000000TOD,0,20131204,102516,33.255000000,206000
USD000000TOD,0,20131204,102516,33.255000000,11000
USD000000TOD,0,20131204,102516,33.255000000,63000
USD000000TOD,0,20131204,102519,33.255000000,50000
USD000000TOD,0,20131204,102531,33.254000000,28000
USD000000TOD,0,20131204,102535,33.255000000,510000
USD000000TOD,0,20131204,102535,33.256000000,460000
USD000000TOD,0,20131204,102545,33.256000000,4000
USD000000TOD,0,20131204,102553,33.255000000,30000
USD000000TOD,0,20131204,102553,33.254500000,470000
USD000000TOD,0,20131204,102601,33.256000000,200000
USD000000TOD,0,20131204,102602,33.256000000,12000
USD000000TOD,0,20131204,102609,33.256000000,271000
USD000000TOD,0,20131204,102631,33.256000000,200000
USD000000TOD,0,20131204,102636,33.256000000,101000
USD000000TOD,0,20131204,102644,33.256000000,200000
USD000000TOD,0,20131204,102644,33.256000000,200000
USD000000TOD,0,20131204,102644,33.256000000,200000
USD000000TOD,0,20131204,102644,33.256000000,152000
USD000000TOD,0,20131204,102647,33.255000000,400000
USD000000TOD,0,20131204,102647,33.255000000,100000
USD000000TOD,0,20131204,102647,33.255000000,1125000
USD000000TOD,0,20131204,102647,33.254500000,500000
USD000000TOD,0,20131204,102647,33.254000000,500000
USD000000TOD,0,20131204,102647,33.254000000,600000
USD000000TOD,0,20131204,102647,33.257000000,54000
USD000000TOD,0,20131204,102647,33.257000000,54000
USD000000TOD,0,20131204,102648,33.255000000,30000
USD000000TOD,0,20131204,102648,33.255000000,100000
USD000000TOD,0,20131204,102701,33.255000000,100000
USD000000TOD,0,20131204,102710,33.253500000,6000
USD000000TOD,0,20131204,102715,33.255000000,19000
USD000000TOD,0,20131204,102720,33.255000000,20000
USD000000TOD,0,20131204,102726,33.255000000,271000
USD000000TOD,0,20131204,102728,33.255000000,15000
USD000000TOD,0,20131204,102730,33.254000000,87000
USD000000TOD,0,20131204,102733,33.254000000,322000
USD000000TOD,0,20131204,102735,33.255000000,2000
USD000000TOD,0,20131204,102737,33.255000000,1068000
USD000000TOD,0,20131204,102739,33.256000000,400000
USD000000TOD,0,20131204,102746,33.253500000,10000
USD000000TOD,0,20131204,102746,33.253500000,35000
USD000000TOD,0,20131204,102747,33.255000000,5000
USD000000TOD,0,20131204,102800,33.253500000,15000
USD000000TOD,0,20131204,102800,33.253000000,85000
USD000000TOD,0,20131204,102800,33.253000000,80000
USD000000TOD,0,20131204,102800,33.252500000,120000
USD000000TOD,0,20131204,102801,33.256500000,50000
USD000000TOD,0,20131204,102808,33.253000000,1000
USD000000TOD,0,20131204,102835,33.255500000,31000
USD000000TOD,0,20131204,102835,33.256000000,769000
USD000000TOD,0,20131204,102857,33.254000000,1000000
USD000000TOD,0,20131204,102932,33.255000000,79000
USD000000TOD,0,20131204,102933,33.256000000,30000
USD000000TOD,0,20131204,102943,33.254000000,50000
USD000000TOD,0,20131204,102943,33.256000000,200000
USD000000TOD,0,20131204,102953,33.256000000,60000
USD000000TOD,0,20131204,102959,33.254000000,100000
USD000000TOD,0,20131204,102959,33.254000000,50000
USD000000TOD,0,20131204,103004,33.256000000,507000
USD000000TOD,0,20131204,103007,33.256000000,22000
USD000000TOD,0,20131204,103024,33.256000000,500000
USD000000TOD,0,20131204,103026,33.254000000,27000
USD000000TOD,0,20131204,103026,33.253500000,500000
USD000000TOD,0,20131204,103026,33.253000000,473000
USD000000TOD,0,20131204,103030,33.254000000,150000
USD000000TOD,0,20131204,103030,33.253500000,500000
USD000000TOD,0,20131204,103030,33.253000000,27000
USD000000TOD,0,20131204,103030,33.253000000,100000
USD000000TOD,0,20131204,103030,33.252500000,223000
USD000000TOD,0,20131204,103038,33.253000000,500000
USD000000TOD,0,20131204,103038,33.252500000,7000
USD000000TOD,0,20131204,103038,33.252500000,100000
USD000000TOD,0,20131204,103038,33.252500000,50000
USD000000TOD,0,20131204,103038,33.252500000,343000
USD000000TOD,0,20131204,103041,33.255000000,80000
USD000000TOD,0,20131204,103042,33.252500000,25000
USD000000TOD,0,20131204,103042,33.252500000,569000
USD000000TOD,0,20131204,103044,33.252500000,403000
USD000000TOD,0,20131204,103044,33.252500000,3000
USD000000TOD,0,20131204,103044,33.252500000,15000
USD000000TOD,0,20131204,103046,33.252500000,406000
USD000000TOD,0,20131204,103046,33.252500000,75000
USD000000TOD,0,20131204,103046,33.252000000,50000
USD000000TOD,0,20131204,103046,33.252000000,400000
USD000000TOD,0,20131204,103046,33.251500000,69000
USD000000TOD,0,20131204,103057,33.254000000,5000
USD000000TOD,0,20131204,103110,33.254000000,5000
USD000000TOD,0,20131204,103114,33.252500000,200000
USD000000TOD,0,20131204,103117,33.252500000,800000
USD000000TOD,0,20131204,103119,33.254000000,33000
USD000000TOD,0,20131204,103119,33.254000000,467000
USD000000TOD,0,20131204,103131,33.255000000,200000
USD000000TOD,0,20131204,103132,33.252500000,164000
USD000000TOD,0,20131204,103132,33.252500000,467000
USD000000TOD,0,20131204,103132,33.252500000,194000
USD000000TOD,0,20131204,103132,33.252500000,175000
USD000000TOD,0,20131204,103138,33.255000000,382000
USD000000TOD,0,20131204,103144,33.255000000,106000
USD000000TOD,0,20131204,103149,33.255000000,232000
USD000000TOD,0,20131204,103149,33.255000000,1000000
USD000000TOD,0,20131204,103149,33.255000000,1000000
USD000000TOD,0,20131204,103153,33.256000000,7000000
USD000000TOD,0,20131204,103158,33.256000000,500000
USD000000TOD,0,20131204,103200,33.256000000,140000
USD000000TOD,0,20131204,103202,33.255000000,100000
USD000000TOD,0,20131204,103202,33.255000000,1000
USD000000TOD,0,20131204,103202,33.255000000,5000
USD000000TOD,0,20131204,103203,33.255000000,1000
USD000000TOD,0,20131204,103204,33.255000000,1000
USD000000TOD,0,20131204,103205,33.255000000,60000
USD000000TOD,0,20131204,103207,33.255000000,4000
USD000000TOD,0,20131204,103210,33.255000000,1000
USD000000TOD,0,20131204,103211,33.255000000,90000
USD000000TOD,0,20131204,103212,33.255000000,8000
USD000000TOD,0,20131204,103216,33.255000000,28000
USD000000TOD,0,20131204,103218,33.253500000,150000
USD000000TOD,0,20131204,103218,33.253000000,500000
USD000000TOD,0,20131204,103218,33.253000000,350000
USD000000TOD,0,20131204,103219,33.253000000,150000
USD000000TOD,0,20131204,103219,33.252500000,120000
USD000000TOD,0,20131204,103220,33.255000000,500000
USD000000TOD,0,20131204,103222,33.252500000,3000
USD000000TOD,0,20131204,103226,33.255000000,201000
USD000000TOD,0,20131204,103226,33.255000000,60000
USD000000TOD,0,20131204,103226,33.255000000,846000
USD000000TOD,0,20131204,103229,33.256000000,1176000
USD000000TOD,0,20131204,103230,33.255000000,100000
USD000000TOD,0,20131204,103230,33.255000000,1793000
USD000000TOD,0,20131204,103235,33.252500000,25000
USD000000TOD,0,20131204,103236,33.255000000,35000
USD000000TOD,0,20131204,103240,33.255000000,65000
USD000000TOD,0,20131204,103240,33.255000000,335000
USD000000TOD,0,20131204,103254,33.255000000,388000
USD000000TOD,0,20131204,103254,33.255000000,1000
USD000000TOD,0,20131204,103254,33.255000000,1000
USD000000TOD,0,20131204,103254,33.255000000,300000
USD000000TOD,0,20131204,103256,33.255000000,50000
USD000000TOD,0,20131204,103256,33.255000000,1000
USD000000TOD,0,20131204,103256,33.255000000,14000
USD000000TOD,0,20131204,103256,33.255000000,2000
USD000000TOD,0,20131204,103256,33.255000000,2000
USD000000TOD,0,20131204,103256,33.255000000,39000
USD000000TOD,0,20131204,103256,33.255000000,3000
USD000000TOD,0,20131204,103256,33.254000000,375000
USD000000TOD,0,20131204,103256,33.254000000,100000
USD000000TOD,0,20131204,103256,33.253000000,500000
USD000000TOD,0,20131204,103256,33.252500000,352000
USD000000TOD,0,20131204,103256,33.252500000,5000
USD000000TOD,0,20131204,103256,33.252500000,100000
USD000000TOD,0,20131204,103256,33.252500000,1268000
USD000000TOD,0,20131204,103256,33.255000000,199000
USD000000TOD,0,20131204,103256,33.255000000,212000
USD000000TOD,0,20131204,103256,33.256000000,2000
USD000000TOD,0,20131204,103256,33.256000000,411000
USD000000TOD,0,20131204,103302,33.255000000,500000
USD000000TOD,0,20131204,103302,33.255000000,500000
USD000000TOD,0,20131204,103302,33.255500000,305000
USD000000TOD,0,20131204,103333,33.255000000,50000
USD000000TOD,0,20131204,103348,33.253500000,225000
USD000000TOD,0,20131204,103348,33.253000000,765000
USD000000TOD,0,20131204,103348,33.252500000,10000
USD000000TOD,0,20131204,103348,33.255000000,2000
USD000000TOD,0,20131204,103406,33.255000000,500000
USD000000TOD,0,20131204,103408,33.255000000,448000
USD000000TOD,0,20131204,103408,33.255000000,318000
USD000000TOD,0,20131204,103418,33.256000000,200000
USD000000TOD,0,20131204,103421,33.256000000,271000
USD000000TOD,0,20131204,103426,33.255000000,164000
USD000000TOD,0,20131204,103459,33.255000000,1000000
USD000000TOD,0,20131204,103459,33.255000000,99000
USD000000TOD,0,20131204,103459,33.255000000,242000
USD000000TOD,0,20131204,103459,33.255000000,66000
USD000000TOD,0,20131204,103507,33.256000000,128000
USD000000TOD,0,20131204,103508,33.256000000,1223000
USD000000TOD,0,20131204,103522,33.255000000,663000
USD000000TOD,0,20131204,103527,33.256000000,40000
USD000000TOD,0,20131204,103539,33.255500000,416000
USD000000TOD,0,20131204,103546,33.255500000,135000
USD000000TOD,0,20131204,103549,33.255000000,54000
USD000000TOD,0,20131204,103552,33.255000000,30000
USD000000TOD,0,20131204,103553,33.255000000,40000
USD000000TOD,0,20131204,103554,33.255000000,200000
USD000000TOD,0,20131204,103555,33.255000000,13000
USD000000TOD,0,20131204,103600,33.255000000,70000
USD000000TOD,0,20131204,103620,33.255000000,500000
USD000000TOD,0,20131204,103623,33.255000000,93000
USD000000TOD,0,20131204,103623,33.255000000,7000
USD000000TOD,0,20131204,103629,33.255000000,2000
USD000000TOD,0,20131204,103630,33.255000000,70000
USD000000TOD,0,20131204,103633,33.254000000,30000
USD000000TOD,0,20131204,103636,33.255000000,6000
USD000000TOD,0,20131204,103638,33.255000000,67000
USD000000TOD,0,20131204,103638,33.255000000,1000
USD000000TOD,0,20131204,103640,33.255000000,3000
USD000000TOD,0,20131204,103640,33.255000000,55000
USD000000TOD,0,20131204,103640,33.255000000,5000
USD000000TOD,0,20131204,103640,33.255000000,24000
USD000000TOD,0,20131204,103641,33.255000000,2000
USD000000TOD,0,20131204,103641,33.255000000,25000
USD000000TOD,0,20131204,103641,33.255000000,1000
USD000000TOD,0,20131204,103642,33.255000000,232000
USD000000TOD,0,20131204,103642,33.255000000,40000
USD000000TOD,0,20131204,103642,33.255000000,132000
USD000000TOD,0,20131204,103642,33.255000000,68000
USD000000TOD,0,20131204,103644,33.255000000,5000
USD000000TOD,0,20131204,103645,33.255000000,147000
USD000000TOD,0,20131204,103703,33.254000000,53000
USD000000TOD,0,20131204,103703,33.254000000,212000
USD000000TOD,0,20131204,103712,33.253000000,150000
USD000000TOD,0,20131204,103712,33.253000000,80000
USD000000TOD,0,20131204,103712,33.252500000,500000
USD000000TOD,0,20131204,103712,33.252500000,500000
USD000000TOD,0,20131204,103712,33.252500000,50000
USD000000TOD,0,20131204,103712,33.252500000,220000
USD000000TOD,0,20131204,103712,33.255500000,80000
USD000000TOD,0,20131204,103712,33.256000000,55000
USD000000TOD,0,20131204,103714,33.256000000,120000
USD000000TOD,0,20131204,103716,33.256000000,55000
USD000000TOD,0,20131204,103722,33.256000000,1000000
USD000000TOD,0,20131204,103742,33.255500000,74000
USD000000TOD,0,20131204,103742,33.255500000,67000
USD000000TOD,0,20131204,103746,33.255500000,500000
USD000000TOD,0,20131204,103746,33.255500000,1500000
USD000000TOD,0,20131204,103752,33.255500000,500000
USD000000TOD,0,20131204,103752,33.255500000,597000
USD000000TOD,0,20131204,103755,33.256000000,33000
USD000000TOD,0,20131204,103755,33.256000000,1000
USD000000TOD,0,20131204,103755,33.256500000,101000
USD000000TOD,0,20131204,103758,33.255500000,66000
USD000000TOD,0,20131204,103758,33.255500000,77000
USD000000TOD,0,20131204,103758,33.255500000,91000
USD000000TOD,0,20131204,103759,33.255500000,106000
USD000000TOD,0,20131204,103759,33.255500000,563000
USD000000TOD,0,20131204,103800,33.254500000,146000
USD000000TOD,0,20131204,103813,33.254000000,200000
USD000000TOD,0,20131204,103817,33.255500000,500000
USD000000TOD,0,20131204,103817,33.256000000,500000
USD000000TOD,0,20131204,103817,33.256000000,310000
USD000000TOD,0,20131204,103817,33.254000000,152000
USD000000TOD,0,20131204,103817,33.256000000,150000
USD000000TOD,0,20131204,103823,33.255500000,135000
USD000000TOD,0,20131204,103834,33.255000000,1000
USD000000TOD,0,20131204,103837,33.254500000,25000
USD000000TOD,0,20131204,103837,33.255000000,357000
USD000000TOD,0,20131204,103842,33.255000000,58000
USD000000TOD,0,20131204,103854,33.255000000,100000
USD000000TOD,0,20131204,103857,33.255500000,500000
USD000000TOD,0,20131204,103857,33.255500000,325000
USD000000TOD,0,20131204,103901,33.253000000,50000
USD000000TOD,0,20131204,103901,33.253000000,3000
USD000000TOD,0,20131204,103913,33.254000000,100000
USD000000TOD,0,20131204,103925,33.255000000,52000
USD000000TOD,0,20131204,103930,33.256000000,100000
USD000000TOD,0,20131204,103930,33.256500000,88000
USD000000TOD,0,20131204,103933,33.255000000,448000
USD000000TOD,0,20131204,103935,33.255500000,75000
USD000000TOD,0,20131204,103935,33.256000000,125000
USD000000TOD,0,20131204,103945,33.254500000,185000
USD000000TOD,0,20131204,103946,33.254500000,25000
USD000000TOD,0,20131204,103953,33.253500000,30000
USD000000TOD,0,20131204,103953,33.253500000,1000
USD000000TOD,0,20131204,104025,33.255500000,50000
USD000000TOD,0,20131204,104025,33.256000000,5000
USD000000TOD,0,20131204,104028,33.256000000,200000
USD000000TOD,0,20131204,104030,33.256000000,41000
USD000000TOD,0,20131204,104037,33.254000000,77000
USD000000TOD,0,20131204,104037,33.254000000,23000
USD000000TOD,0,20131204,104037,33.254000000,10000
USD000000TOD,0,20131204,104037,33.254000000,167000
USD000000TOD,0,20131204,104038,33.253500000,1000
USD000000TOD,0,20131204,104038,33.253500000,1000
USD000000TOD,0,20131204,104110,33.256500000,100000
USD000000TOD,0,20131204,104111,33.256500000,610000
USD000000TOD,0,20131204,104111,33.256500000,106000
USD000000TOD,0,20131204,104113,33.256500000,298000
USD000000TOD,0,20131204,104113,33.256500000,73000
USD000000TOD,0,20131204,104113,33.256500000,457000
USD000000TOD,0,20131204,104113,33.256500000,321000
USD000000TOD,0,20131204,104113,33.256500000,543000
USD000000TOD,0,20131204,104113,33.256500000,730000
USD000000TOD,0,20131204,104116,33.256500000,135000
USD000000TOD,0,20131204,104116,33.253500000,23000
USD000000TOD,0,20131204,104117,33.256500000,1358000
USD000000TOD,0,20131204,104118,33.256500000,86000
USD000000TOD,0,20131204,104119,33.256500000,76000
USD000000TOD,0,20131204,104122,33.256500000,367000
USD000000TOD,0,20131204,104122,33.257000000,200000
USD000000TOD,0,20131204,104126,33.257000000,3000
USD000000TOD,0,20131204,104130,33.257000000,559000
USD000000TOD,0,20131204,104130,33.257000000,1238000
USD000000TOD,0,20131204,104137,33.258000000,2000
USD000000TOD,0,20131204,104157,33.261000000,10000
USD000000TOD,0,20131204,104159,33.260000000,67000
USD000000TOD,0,20131204,104159,33.261000000,490000
USD000000TOD,0,20131204,104159,33.261000000,743000
USD000000TOD,0,20131204,104208,33.258000000,95000
USD000000TOD,0,20131204,104208,33.258000000,100000
USD000000TOD,0,20131204,104211,33.258500000,164000
USD000000TOD,0,20131204,104212,33.259500000,37000
USD000000TOD,0,20131204,104213,33.258500000,400000
USD000000TOD,0,20131204,104213,33.260000000,28000
USD000000TOD,0,20131204,104216,33.259500000,6000
USD000000TOD,0,20131204,104216,33.259500000,394000
USD000000TOD,0,20131204,104216,33.260000000,406000
USD000000TOD,0,20131204,104219,33.259500000,167000
USD000000TOD,0,20131204,104219,33.259500000,33000
USD000000TOD,0,20131204,104223,33.260000000,50000
USD000000TOD,0,20131204,104248,33.260000000,13000
USD000000TOD,0,20131204,104251,33.257000000,3000
USD000000TOD,0,20131204,104307,33.260500000,13000
USD000000TOD,0,20131204,104307,33.260500000,11000
USD000000TOD,0,20131204,104307,33.260500000,200000
USD000000TOD,0,20131204,104313,33.261000000,500000
USD000000TOD,0,20131204,104316,33.260500000,1776000
USD000000TOD,0,20131204,104339,33.260000000,74000
USD000000TOD,0,20131204,104357,33.260000000,100000
USD000000TOD,0,20131204,104407,33.260500000,200000
USD000000TOD,0,20131204,104407,33.261000000,757000
USD000000TOD,0,20131204,104407,33.261000000,43000
USD000000TOD,0,20131204,104411,33.261000000,200000
USD000000TOD,0,20131204,104411,33.261000000,100000
USD000000TOD,0,20131204,104411,33.261000000,157000
USD000000TOD,0,20131204,104412,33.261500000,141000
USD000000TOD,0,20131204,104412,33.261500000,59000
USD000000TOD,0,20131204,104458,33.261000000,162000
USD000000TOD,0,20131204,104458,33.261000000,2000
USD000000TOD,0,20131204,104506,33.262000000,1000
USD000000TOD,0,20131204,104510,33.261500000,25000
USD000000TOD,0,20131204,104510,33.261500000,50000
USD000000TOD,0,20131204,104510,33.262000000,89000
USD000000TOD,0,20131204,104514,33.261000000,135000
USD000000TOD,0,20131204,104514,33.260500000,100000
USD000000TOD,0,20131204,104514,33.260000000,100000
USD000000TOD,0,20131204,104514,33.260000000,100000
USD000000TOD,0,20131204,104516,33.261000000,23000
USD000000TOD,0,20131204,104516,33.261000000,342000
USD000000TOD,0,20131204,104516,33.261000000,45000
USD000000TOD,0,20131204,104517,33.262000000,6000
USD000000TOD,0,20131204,104518,33.262000000,10000
USD000000TOD,0,20131204,104531,33.262000000,250000
USD000000TOD,0,20131204,104532,33.262000000,85000
USD000000TOD,0,20131204,104540,33.261000000,1000
USD000000TOD,0,20131204,104541,33.262000000,59000
USD000000TOD,0,20131204,104541,33.262000000,50000
USD000000TOD,0,20131204,104541,33.262000000,13000
USD000000TOD,0,20131204,104609,33.261500000,474000
USD000000TOD,0,20131204,104629,33.261500000,30000
USD000000TOD,0,20131204,104629,33.261000000,99000
USD000000TOD,0,20131204,104629,33.260500000,151000
USD000000TOD,0,20131204,104633,33.262000000,92000
USD000000TOD,0,20131204,104633,33.262000000,500000
USD000000TOD,0,20131204,104633,33.262000000,2000
USD000000TOD,0,20131204,104634,33.262000000,74000
USD000000TOD,0,20131204,104640,33.262000000,74000
USD000000TOD,0,20131204,104640,33.262500000,926000
USD000000TOD,0,20131204,104640,33.261000000,100000
USD000000TOD,0,20131204,104640,33.260500000,2500000
USD000000TOD,0,20131204,104643,33.262500000,1074000
USD000000TOD,0,20131204,104658,33.262000000,100000
USD000000TOD,0,20131204,104712,33.262500000,272000
USD000000TOD,0,20131204,104713,33.262500000,135000
USD000000TOD,0,20131204,104730,33.262500000,200000
USD000000TOD,0,20131204,104730,33.262500000,3000
USD000000TOD,0,20131204,104731,33.262500000,100000
USD000000TOD,0,20131204,104733,33.262500000,397000
USD000000TOD,0,20131204,104733,33.263000000,500000
USD000000TOD,0,20131204,104739,33.264000000,2000000
USD000000TOD,0,20131204,104739,33.262000000,80000
USD000000TOD,0,20131204,104739,33.261500000,500000
USD000000TOD,0,20131204,104739,33.261500000,500000
USD000000TOD,0,20131204,104739,33.261500000,420000
USD000000TOD,0,20131204,104739,33.263000000,74000
USD000000TOD,0,20131204,104739,33.262500000,250000
USD000000TOD,0,20131204,104742,33.263000000,45000
USD000000TOD,0,20131204,104742,33.263000000,81000
USD000000TOD,0,20131204,104742,33.263000000,250000
USD000000TOD,0,20131204,104743,33.264000000,200000
USD000000TOD,0,20131204,104743,33.264000000,230000
USD000000TOD,0,20131204,104747,33.262500000,550000
USD000000TOD,0,20131204,104752,33.264500000,80000
USD000000TOD,0,20131204,104752,33.264500000,34000
USD000000TOD,0,20131204,104803,33.261500000,500000
USD000000TOD,0,20131204,104803,33.261500000,100000
USD000000TOD,0,20131204,104803,33.261000000,100000
USD000000TOD,0,20131204,104803,33.261000000,100000
USD000000TOD,0,20131204,104803,33.261000000,27000
USD000000TOD,0,20131204,104803,33.260500000,349000
USD000000TOD,0,20131204,104803,33.260500000,500000
USD000000TOD,0,20131204,104803,33.260000000,100000
USD000000TOD,0,20131204,104803,33.260000000,50000
USD000000TOD,0,20131204,104803,33.260000000,300000
USD000000TOD,0,20131204,104803,33.260000000,500000
USD000000TOD,0,20131204,104803,33.260000000,2369000
USD000000TOD,0,20131204,104803,33.260000000,5000
USD000000TOD,0,20131204,104803,33.263500000,1000
USD000000TOD,0,20131204,104811,33.261000000,500000
USD000000TOD,0,20131204,104811,33.260000000,675000
USD000000TOD,0,20131204,104811,33.260000000,100000
USD000000TOD,0,20131204,104811,33.259500000,100000
USD000000TOD,0,20131204,104811,33.259500000,50000
USD000000TOD,0,20131204,104811,33.259500000,80000
USD000000TOD,0,20131204,104811,33.259500000,419000
USD000000TOD,0,20131204,104811,33.259500000,76000
USD000000TOD,0,20131204,104811,33.263000000,494000
USD000000TOD,0,20131204,104811,33.263000000,6000
USD000000TOD,0,20131204,104811,33.263000000,200000
USD000000TOD,0,20131204,104811,33.262500000,288000
USD000000TOD,0,20131204,104819,33.262500000,200000
USD000000TOD,0,20131204,104823,33.262500000,135000
USD000000TOD,0,20131204,104829,33.262500000,500000
USD000000TOD,0,20131204,104836,33.262500000,200000
USD000000TOD,0,20131204,104851,33.264500000,80000
USD000000TOD,0,20131204,104851,33.264500000,73000
USD000000TOD,0,20131204,104856,33.265000000,500000
USD000000TOD,0,20131204,104856,33.265000000,1266000
USD000000TOD,0,20131204,104856,33.265000000,200000
USD000000TOD,0,20131204,104856,33.265000000,200000
USD000000TOD,0,20131204,104900,33.265000000,3000
USD000000TOD,0,20131204,104901,33.265000000,300000
USD000000TOD,0,20131204,104906,33.265000000,1410000
USD000000TOD,0,20131204,104906,33.265000000,200000
USD000000TOD,0,20131204,104908,33.265000000,564000
USD000000TOD,0,20131204,104908,33.265000000,67000
USD000000TOD,0,20131204,104908,33.265000000,132000
USD000000TOD,0,20131204,104909,33.265000000,240000
USD000000TOD,0,20131204,104909,33.265000000,200000
USD000000TOD,0,20131204,104909,33.265000000,375000
USD000000TOD,0,20131204,104909,33.265000000,200000
USD000000TOD,0,20131204,104910,33.265000000,500000
USD000000TOD,0,20131204,104911,33.265000000,310000
USD000000TOD,0,20131204,104913,33.265000000,1000
USD000000TOD,0,20131204,104914,33.265000000,67000
USD000000TOD,0,20131204,104914,33.265000000,169000
USD000000TOD,0,20131204,104916,33.265000000,3000
USD000000TOD,0,20131204,104917,33.265000000,954000
USD000000TOD,0,20131204,104920,33.265000000,24000
USD000000TOD,0,20131204,104923,33.264000000,200000
USD000000TOD,0,20131204,104923,33.264000000,800000
USD000000TOD,0,20131204,104923,33.263500000,50000
USD000000TOD,0,20131204,104923,33.263000000,53000
USD000000TOD,0,20131204,104926,33.264000000,200000
USD000000TOD,0,20131204,104926,33.264000000,10000
USD000000TOD,0,20131204,104938,33.264000000,500000
USD000000TOD,0,20131204,104938,33.261500000,120000
USD000000TOD,0,20131204,104940,33.264500000,500000
USD000000TOD,0,20131204,104940,33.264500000,500000
USD000000TOD,0,20131204,104940,33.265000000,1458000
USD000000TOD,0,20131204,104945,33.264000000,135000
USD000000TOD,0,20131204,105006,33.265000000,5000
USD000000TOD,0,20131204,105007,33.265000000,4000000
USD000000TOD,0,20131204,105007,33.265000000,500000
USD000000TOD,0,20131204,105007,33.265000000,500000
USD000000TOD,0,20131204,105009,33.264500000,15000
USD000000TOD,0,20131204,105022,33.264500000,50000
USD000000TOD,0,20131204,105025,33.262000000,300000
USD000000TOD,0,20131204,105027,33.264500000,11000
USD000000TOD,0,20131204,105038,33.264500000,200000
USD000000TOD,0,20131204,105048,33.261500000,10000
USD000000TOD,0,20131204,105103,33.264500000,120000
USD000000TOD,0,20131204,105113,33.263500000,32000
USD000000TOD,0,20131204,105113,33.264000000,168000
USD000000TOD,0,20131204,105118,33.264000000,32000
USD000000TOD,0,20131204,105118,33.264000000,68000
USD000000TOD,0,20131204,105148,33.264000000,500000
USD000000TOD,0,20131204,105148,33.264000000,100000
USD000000TOD,0,20131204,105150,33.264000000,500000
USD000000TOD,0,20131204,105150,33.264500000,119000
USD000000TOD,0,20131204,105150,33.264500000,181000
USD000000TOD,0,20131204,105152,33.263000000,97000
USD000000TOD,0,20131204,105156,33.263000000,30000
USD000000TOD,0,20131204,105200,33.264500000,446000
USD000000TOD,0,20131204,105210,33.264500000,54000
USD000000TOD,0,20131204,105212,33.263000000,173000
USD000000TOD,0,20131204,105227,33.263000000,250000
USD000000TOD,0,20131204,105227,33.262500000,27000
USD000000TOD,0,20131204,105227,33.263500000,100000
USD000000TOD,0,20131204,105230,33.263500000,100000
USD000000TOD,0,20131204,105239,33.264000000,406000
USD000000TOD,0,20131204,105251,33.264000000,50000
USD000000TOD,0,20131204,105257,33.264000000,50000
USD000000TOD,0,20131204,105257,33.264000000,494000
USD000000TOD,0,20131204,105257,33.264000000,106000
USD000000TOD,0,20131204,105323,33.264500000,200000
USD000000TOD,0,20131204,105327,33.263500000,50000
USD000000TOD,0,20131204,105357,33.262500000,10000
USD000000TOD,0,20131204,105359,33.262500000,123000
USD000000TOD,0,20131204,105359,33.262500000,750000
USD000000TOD,0,20131204,105359,33.262500000,100000
USD000000TOD,0,20131204,105359,33.262500000,50000
USD000000TOD,0,20131204,105359,33.261500000,170000
USD000000TOD,0,20131204,105359,33.261500000,100000
USD000000TOD,0,20131204,105359,33.261500000,50000
USD000000TOD,0,20131204,105359,33.261500000,100000
USD000000TOD,0,20131204,105359,33.261000000,217000
USD000000TOD,0,20131204,105359,33.260500000,500000
USD000000TOD,0,20131204,105359,33.260500000,500000
USD000000TOD,0,20131204,105359,33.260000000,100000
USD000000TOD,0,20131204,105359,33.260000000,300000
USD000000TOD,0,20131204,105359,33.260000000,600000
USD000000TOD,0,20131204,105359,33.259500000,256000
USD000000TOD,0,20131204,105359,33.259500000,100000
USD000000TOD,0,20131204,105359,33.259500000,54000
USD000000TOD,0,20131204,105359,33.259500000,50000
USD000000TOD,0,20131204,105359,33.259000000,1000000
USD000000TOD,0,20131204,105359,33.257000000,50000
USD000000TOD,0,20131204,105359,33.257000000,80000
USD000000TOD,0,20131204,105359,33.256500000,500000
USD000000TOD,0,20131204,105359,33.256500000,1000000
USD000000TOD,0,20131204,105359,33.256500000,1000000
USD000000TOD,0,20131204,105359,33.255500000,50000
USD000000TOD,0,20131204,105359,33.255500000,27000
USD000000TOD,0,20131204,105359,33.255500000,1173000
USD000000TOD,0,20131204,105359,33.260500000,500000
USD000000TOD,0,20131204,105359,33.259000000,200000
USD000000TOD,0,20131204,105359,33.258000000,300000
USD000000TOD,0,20131204,105415,33.260000000,150000
USD000000TOD,0,20131204,105415,33.260000000,350000
USD000000TOD,0,20131204,105415,33.260000000,375000
USD000000TOD,0,20131204,105415,33.260000000,383000
USD000000TOD,0,20131204,105434,33.260000000,69000
USD000000TOD,0,20131204,105434,33.260000000,203000
USD000000TOD,0,20131204,105434,33.260000000,500000
USD000000TOD,0,20131204,105435,33.260000000,1358000
USD000000TOD,0,20131204,105448,33.260000000,48000
USD000000TOD,0,20131204,105450,33.260000000,1358000
USD000000TOD,0,20131204,105510,33.260000000,1464000
USD000000TOD,0,20131204,105510,33.260000000,500000
USD000000TOD,0,20131204,105510,33.260000000,500000
USD000000TOD,0,20131204,105510,33.260000000,186000
USD000000TOD,0,20131204,105513,33.260000000,13000
USD000000TOD,0,20131204,105517,33.260500000,114000
USD000000TOD,0,20131204,105523,33.260500000,100000
USD000000TOD,0,20131204,105527,33.260500000,215000
USD000000TOD,0,20131204,105527,33.258500000,6000
USD000000TOD,0,20131204,105527,33.260500000,135000
USD000000TOD,0,20131204,105532,33.260500000,16000
USD000000TOD,0,20131204,105537,33.260000000,14000
USD000000TOD,0,20131204,105540,33.260000000,1357000
USD000000TOD,0,20131204,105540,33.260000000,1357000
USD000000TOD,0,20131204,105540,33.260000000,1348000
USD000000TOD,0,20131204,105543,33.260000000,200000
USD000000TOD,0,20131204,105543,33.260000000,200000
USD000000TOD,0,20131204,105544,33.260000000,508000
USD000000TOD,0,20131204,105555,33.260000000,4000
USD000000TOD,0,20131204,105558,33.261000000,100000
USD000000TOD,0,20131204,105600,33.261000000,400000
USD000000TOD,0,20131204,105602,33.260000000,16000
USD000000TOD,0,20131204,105604,33.260000000,30000
USD000000TOD,0,20131204,105624,33.262000000,67000
USD000000TOD,0,20131204,105627,33.262000000,200000
USD000000TOD,0,20131204,105627,33.262000000,200000
USD000000TOD,0,20131204,105629,33.262000000,33000
USD000000TOD,0,20131204,105641,33.260000000,20000
USD000000TOD,0,20131204,105647,33.263000000,81000
USD000000TOD,0,20131204,105654,33.262500000,200000
USD000000TOD,0,20131204,105654,33.263000000,800000
USD000000TOD,0,20131204,105655,33.261000000,2000
USD000000TOD,0,20131204,105704,33.261000000,22000
USD000000TOD,0,20131204,105704,33.261000000,26000
USD000000TOD,0,20131204,105712,33.260500000,88000
USD000000TOD,0,20131204,105712,33.260000000,100000
USD000000TOD,0,20131204,105712,33.260000000,1000000
USD000000TOD,0,20131204,105712,33.260000000,207000
USD000000TOD,0,20131204,105712,33.260000000,359000
USD000000TOD,0,20131204,105712,33.260000000,975000
USD000000TOD,0,20131204,105712,33.260000000,109000
USD000000TOD,0,20131204,105712,33.260000000,282000
USD000000TOD,0,20131204,105712,33.260000000,135000
USD000000TOD,0,20131204,105712,33.260000000,10000
USD000000TOD,0,20131204,105712,33.260000000,11000
USD000000TOD,0,20131204,105712,33.260000000,11000
USD000000TOD,0,20131204,105712,33.260000000,125000
USD000000TOD,0,20131204,105716,33.260000000,109000
USD000000TOD,0,20131204,105719,33.260000000,57000
USD000000TOD,0,20131204,105723,33.260000000,22000
USD000000TOD,0,20131204,105731,33.262500000,35000
USD000000TOD,0,20131204,105737,33.262500000,75000
USD000000TOD,0,20131204,105737,33.262500000,751000
USD000000TOD,0,20131204,105752,33.263000000,119000
USD000000TOD,0,20131204,105752,33.263000000,504000
USD000000TOD,0,20131204,105754,33.263000000,17000
USD000000TOD,0,20131204,105808,33.263000000,37000
USD000000TOD,0,20131204,105808,33.263000000,23000
USD000000TOD,0,20131204,105820,33.263500000,45000
USD000000TOD,0,20131204,105820,33.264000000,500000
USD000000TOD,0,20131204,105820,33.264000000,455000
USD000000TOD,0,20131204,105825,33.261000000,500000
USD000000TOD,0,20131204,105825,33.261000000,400000
USD000000TOD,0,20131204,105825,33.260500000,80000
USD000000TOD,0,20131204,105825,33.260000000,20000
USD000000TOD,0,20131204,105825,33.260000000,773000
USD000000TOD,0,20131204,105825,33.260000000,30000
USD000000TOD,0,20131204,105843,33.263000000,80000
USD000000TOD,0,20131204,105843,33.263000000,20000
USD000000TOD,0,20131204,105847,33.259500000,12000
USD000000TOD,0,20131204,105847,33.259500000,12000
USD000000TOD,0,20131204,105848,33.262000000,12000
USD000000TOD,0,20131204,105848,33.262500000,188000
USD000000TOD,0,20131204,105905,33.262000000,75000
USD000000TOD,0,20131204,105909,33.260000000,150000
USD000000TOD,0,20131204,105909,33.260000000,200000
USD000000TOD,0,20131204,105909,33.260000000,250000
USD000000TOD,0,20131204,105929,33.262000000,4000
USD000000TOD,0,20131204,105951,33.262000000,50000
USD000000TOD,0,20131204,105951,33.260000000,50000
USD000000TOD,0,20131204,105956,33.260000000,7000
USD000000TOD,0,20131204,110002,33.260000000,43000
USD000000TOD,0,20131204,110002,33.262500000,224000
USD000000TOD,0,20131204,110002,33.262500000,500000
USD000000TOD,0,20131204,110002,33.263000000,1000000
USD000000TOD,0,20131204,110002,33.263000000,50000
USD000000TOD,0,20131204,110002,33.263000000,2754000
USD000000TOD,0,20131204,110002,33.263000000,406000
USD000000TOD,0,20131204,110002,33.263000000,375000
USD000000TOD,0,20131204,110002,33.263000000,1441000
USD000000TOD,0,20131204,110002,33.263000000,2559000
USD000000TOD,0,20131204,110002,33.263000000,30000
USD000000TOD,0,20131204,110002,33.263000000,111000
USD000000TOD,0,20131204,110002,33.259500000,3000
USD000000TOD,0,20131204,110002,33.260000000,500000
USD000000TOD,0,20131204,110002,33.259500000,77000
USD000000TOD,0,20131204,110002,33.259500000,27000
USD000000TOD,0,20131204,110002,33.259500000,28000
USD000000TOD,0,20131204,110002,33.259000000,368000
USD000000TOD,0,20131204,110004,33.259500000,10000
USD000000TOD,0,20131204,110007,33.259000000,1000000
USD000000TOD,0,20131204,110007,33.259000000,5000000
USD000000TOD,0,20131204,110007,33.259000000,3000000
USD000000TOD,0,20131204,110007,33.259000000,16000
USD000000TOD,0,20131204,110010,33.259000000,7000
USD000000TOD,0,20131204,110010,33.259000000,1000000
USD000000TOD,0,20131204,110010,33.259000000,3000000
USD000000TOD,0,20131204,110010,33.259000000,6000
USD000000TOD,0,20131204,110010,33.259000000,3000
USD000000TOD,0,20131204,110010,33.259000000,3000
USD000000TOD,0,20131204,110010,33.259000000,2000
USD000000TOD,0,20131204,110010,33.259000000,3000
USD000000TOD,0,20131204,110010,33.259000000,5000
USD000000TOD,0,20131204,110010,33.259000000,14000
USD000000TOD,0,20131204,110010,33.259000000,200000
USD000000TOD,0,20131204,110010,33.259000000,3000
USD000000TOD,0,20131204,110010,33.259000000,2000
USD000000TOD,0,20131204,110010,33.259000000,2000
USD000000TOD,0,20131204,110010,33.259000000,5000
USD000000TOD,0,20131204,110010,33.259000000,1000
USD000000TOD,0,20131204,110010,33.259000000,44000
USD000000TOD,0,20131204,110010,33.259000000,2000
USD000000TOD,0,20131204,110010,33.259000000,6000
USD000000TOD,0,20131204,110011,33.259000000,4000
USD000000TOD,0,20131204,110011,33.261000000,36000
USD000000TOD,0,20131204,110011,33.259000000,12000
USD000000TOD,0,20131204,110011,33.259000000,2000
USD000000TOD,0,20131204,110011,33.259000000,3000
USD000000TOD,0,20131204,110011,33.259000000,21000
USD000000TOD,0,20131204,110013,33.260000000,1000
USD000000TOD,0,20131204,110014,33.259000000,1000000
USD000000TOD,0,20131204,110014,33.259000000,290000
USD000000TOD,0,20131204,110014,33.259000000,26000
USD000000TOD,0,20131204,110014,33.258500000,50000
USD000000TOD,0,20131204,110014,33.258500000,500000
USD000000TOD,0,20131204,110014,33.258000000,434000
USD000000TOD,0,20131204,110014,33.258000000,1316000
USD000000TOD,0,20131204,110015,33.261000000,200000
USD000000TOD,0,20131204,110018,33.260000000,100000
USD000000TOD,0,20131204,110022,33.258000000,1000
USD000000TOD,0,20131204,110022,33.258000000,99000
USD000000TOD,0,20131204,110031,33.259500000,17000
USD000000TOD,0,20131204,110053,33.260000000,250000
USD000000TOD,0,20131204,110053,33.260000000,13000
USD000000TOD,0,20131204,110055,33.260000000,593000
USD000000TOD,0,20131204,110101,33.258500000,38000
USD000000TOD,0,20131204,110101,33.258500000,5000
USD000000TOD,0,20131204,110107,33.258500000,7000
USD000000TOD,0,20131204,110108,33.259500000,75000
USD000000TOD,0,20131204,110109,33.260000000,99000
USD000000TOD,0,20131204,110109,33.260000000,53000
USD000000TOD,0,20131204,110109,33.260000000,1000
USD000000TOD,0,20131204,110109,33.260000000,200000
USD000000TOD,0,20131204,110109,33.260000000,324000
USD000000TOD,0,20131204,110115,33.258500000,10000
USD000000TOD,0,20131204,110115,33.258500000,40000
USD000000TOD,0,20131204,110123,33.258500000,5000
USD000000TOD,0,20131204,110124,33.258500000,7000
USD000000TOD,0,20131204,110124,33.258500000,38000
USD000000TOD,0,20131204,110125,33.258500000,2000
USD000000TOD,0,20131204,110126,33.258500000,1000
USD000000TOD,0,20131204,110133,33.258500000,10000
USD000000TOD,0,20131204,110133,33.258500000,6000
USD000000TOD,0,20131204,110133,33.258500000,14000
USD000000TOD,0,20131204,110133,33.258500000,17000
USD000000TOD,0,20131204,110133,33.258500000,25000
USD000000TOD,0,20131204,110133,33.258500000,25000
USD000000TOD,0,20131204,110134,33.258500000,50000
USD000000TOD,0,20131204,110135,33.258000000,1000
USD000000TOD,0,20131204,110135,33.257500000,6000
USD000000TOD,0,20131204,110135,33.257500000,30000
USD000000TOD,0,20131204,110135,33.257500000,3000
USD000000TOD,0,20131204,110135,33.257500000,2000
USD000000TOD,0,20131204,110135,33.257500000,1000
USD000000TOD,0,20131204,110135,33.257500000,6000
USD000000TOD,0,20131204,110135,33.257500000,2000
USD000000TOD,0,20131204,110136,33.257500000,3000
USD000000TOD,0,20131204,110136,33.257500000,5000
USD000000TOD,0,20131204,110136,33.257500000,1000
USD000000TOD,0,20131204,110136,33.257500000,5000
USD000000TOD,0,20131204,110136,33.257500000,20000
USD000000TOD,0,20131204,110136,33.257500000,1000
USD000000TOD,0,20131204,110136,33.259500000,1000
USD000000TOD,0,20131204,110141,33.259000000,26000
USD000000TOD,0,20131204,110141,33.259000000,54000
USD000000TOD,0,20131204,110141,33.259000000,920000
USD000000TOD,0,20131204,110141,33.257500000,15000
USD000000TOD,0,20131204,110144,33.257000000,19000
USD000000TOD,0,20131204,110144,33.257000000,29000
USD000000TOD,0,20131204,110144,33.257000000,2000
USD000000TOD,0,20131204,110145,33.257000000,50000
USD000000TOD,0,20131204,110145,33.257000000,1000
USD000000TOD,0,20131204,110145,33.257000000,1000
USD000000TOD,0,20131204,110145,33.256000000,1000
USD000000TOD,0,20131204,110145,33.256000000,4000
USD000000TOD,0,20131204,110146,33.258500000,270000
USD000000TOD,0,20131204,110148,33.258000000,1000
USD000000TOD,0,20131204,110148,33.255500000,50000
USD000000TOD,0,20131204,110148,33.255500000,1000
USD000000TOD,0,20131204,110148,33.255500000,1000
USD000000TOD,0,20131204,110219,33.259500000,12000
USD000000TOD,0,20131204,110219,33.259500000,135000
USD000000TOD,0,20131204,110229,33.259500000,4000
USD000000TOD,0,20131204,110229,33.259500000,63000
USD000000TOD,0,20131204,110236,33.259500000,437000
USD000000TOD,0,20131204,110236,33.260000000,75000
USD000000TOD,0,20131204,110236,33.260500000,80000
USD000000TOD,0,20131204,110236,33.260500000,269000
USD000000TOD,0,20131204,110244,33.259500000,7000
USD000000TOD,0,20131204,110255,33.261000000,25000
USD000000TOD,0,20131204,110255,33.261000000,42000
USD000000TOD,0,20131204,110259,33.261000000,100000
USD000000TOD,0,20131204,110301,33.259500000,6000
USD000000TOD,0,20131204,110302,33.259500000,5000
USD000000TOD,0,20131204,110302,33.259500000,3000
USD000000TOD,0,20131204,110302,33.259500000,20000
USD000000TOD,0,20131204,110302,33.259500000,9000
USD000000TOD,0,20131204,110302,33.259500000,1000
USD000000TOD,0,20131204,110302,33.259500000,1000
USD000000TOD,0,20131204,110303,33.259500000,13000
USD000000TOD,0,20131204,110303,33.259500000,11000
USD000000TOD,0,20131204,110303,33.259500000,13000
USD000000TOD,0,20131204,110303,33.259500000,11000
USD000000TOD,0,20131204,110303,33.259500000,1000
USD000000TOD,0,20131204,110303,33.259500000,36000
USD000000TOD,0,20131204,110303,33.259500000,14000
USD000000TOD,0,20131204,110303,33.259500000,14000
USD000000TOD,0,20131204,110303,33.259500000,14000
USD000000TOD,0,20131204,110303,33.259500000,2000
USD000000TOD,0,20131204,110304,33.259500000,2000
USD000000TOD,0,20131204,110304,33.259500000,3000
USD000000TOD,0,20131204,110304,33.259500000,1000
USD000000TOD,0,20131204,110304,33.259500000,15000
USD000000TOD,0,20131204,110304,33.259500000,50000
USD000000TOD,0,20131204,110304,33.259500000,15000
USD000000TOD,0,20131204,110304,33.259500000,3000
USD000000TOD,0,20131204,110304,33.259500000,1000
USD000000TOD,0,20131204,110304,33.259500000,3000
USD000000TOD,0,20131204,110304,33.259500000,1000
USD000000TOD,0,20131204,110304,33.259500000,80000
USD000000TOD,0,20131204,110304,33.259500000,83000
USD000000TOD,0,20131204,110304,33.259500000,6000
USD000000TOD,0,20131204,110304,33.259500000,74000
USD000000TOD,0,20131204,110304,33.257000000,1000
USD000000TOD,0,20131204,110305,33.257000000,1000
USD000000TOD,0,20131204,110305,33.257000000,13000
USD000000TOD,0,20131204,110309,33.259500000,80000
USD000000TOD,0,20131204,110310,33.259500000,420000
USD000000TOD,0,20131204,110310,33.259500000,80000
USD000000TOD,0,20131204,110310,33.256500000,2000
USD000000TOD,0,20131204,110316,33.256500000,12000
USD000000TOD,0,20131204,110316,33.260000000,50000
USD000000TOD,0,20131204,110316,33.260000000,13000
USD000000TOD,0,20131204,110316,33.260000000,551000
USD000000TOD,0,20131204,110316,33.260000000,213000
USD000000TOD,0,20131204,110316,33.260000000,263000
USD000000TOD,0,20131204,110316,33.260000000,110000
USD000000TOD,0,20131204,110317,33.256500000,2000
USD000000TOD,0,20131204,110317,33.256500000,6000
USD000000TOD,0,20131204,110317,33.256500000,11000
USD000000TOD,0,20131204,110318,33.256500000,5000
USD000000TOD,0,20131204,110318,33.256500000,1000
USD000000TOD,0,20131204,110326,33.256500000,9000
USD000000TOD,0,20131204,110348,33.260000000,200000
USD000000TOD,0,20131204,110355,33.260000000,1000000
USD000000TOD,0,20131204,110412,33.256500000,35000
USD000000TOD,0,20131204,110417,33.257500000,300000
USD000000TOD,0,20131204,110418,33.259500000,60000
USD000000TOD,0,20131204,110424,33.259500000,440000
USD000000TOD,0,20131204,110424,33.260000000,2800000
USD000000TOD,0,20131204,110424,33.260000000,27000
USD000000TOD,0,20131204,110424,33.260500000,72000
USD000000TOD,0,20131204,110424,33.260500000,428000
USD000000TOD,0,20131204,110424,33.260500000,200000
USD000000TOD,0,20131204,110424,33.260500000,72000
USD000000TOD,0,20131204,110424,33.260500000,128000
USD000000TOD,0,20131204,110424,33.260000000,678000
USD000000TOD,0,20131204,110424,33.260500000,200000
USD000000TOD,0,20131204,110424,33.260000000,3394000
USD000000TOD,0,20131204,110424,33.260000000,5000
USD000000TOD,0,20131204,110425,33.261000000,1122000
USD000000TOD,0,20131204,110425,33.261000000,736000
USD000000TOD,0,20131204,110425,33.260500000,5000
USD000000TOD,0,20131204,110425,33.260500000,1000
USD000000TOD,0,20131204,110425,33.260500000,494000
USD000000TOD,0,20131204,110425,33.260500000,78000
USD000000TOD,0,20131204,110425,33.260500000,1000
USD000000TOD,0,20131204,110425,33.260500000,1000
USD000000TOD,0,20131204,110425,33.260500000,500000
USD000000TOD,0,20131204,110425,33.260000000,856000
USD000000TOD,0,20131204,110426,33.260500000,241000
USD000000TOD,0,20131204,110442,33.260500000,74000
USD000000TOD,0,20131204,110442,33.262500000,83000
USD000000TOD,0,20131204,110449,33.262500000,417000
USD000000TOD,0,20131204,110449,33.262500000,500000
USD000000TOD,0,20131204,110449,33.262500000,200000
USD000000TOD,0,20131204,110449,33.262500000,200000
USD000000TOD,0,20131204,110449,33.262500000,33000
USD000000TOD,0,20131204,110459,33.263000000,600000
USD000000TOD,0,20131204,110508,33.261000000,8000
USD000000TOD,0,20131204,110508,33.260500000,500000
USD000000TOD,0,20131204,110508,33.260500000,292000
USD000000TOD,0,20131204,110515,33.261000000,70000
USD000000TOD,0,20131204,110516,33.260000000,50000
USD000000TOD,0,20131204,110519,33.262500000,500000
USD000000TOD,0,20131204,110519,33.263000000,200000
USD000000TOD,0,20131204,110523,33.263000000,100000
USD000000TOD,0,20131204,110523,33.263000000,100000
USD000000TOD,0,20131204,110523,33.263000000,80000
USD000000TOD,0,20131204,110523,33.263500000,120000
USD000000TOD,0,20131204,110545,33.260500000,12000
USD000000TOD,0,20131204,110550,33.260000000,1000
USD000000TOD,0,20131204,110550,33.260000000,49000
USD000000TOD,0,20131204,110550,33.260000000,24000
USD000000TOD,0,20131204,110554,33.261500000,50000
USD000000TOD,0,20131204,110554,33.262000000,500000
USD000000TOD,0,20131204,110554,33.262500000,2800000
USD000000TOD,0,20131204,110554,33.263000000,500000
USD000000TOD,0,20131204,110554,33.263000000,300000
USD000000TOD,0,20131204,110554,33.263500000,10958000
USD000000TOD,0,20131204,110556,33.260500000,500000
USD000000TOD,0,20131204,110556,33.260500000,1125000
USD000000TOD,0,20131204,110601,33.260000000,27000
USD000000TOD,0,20131204,110601,33.259000000,1000
USD000000TOD,0,20131204,110601,33.259000000,2000
USD000000TOD,0,20131204,110606,33.260000000,51000
USD000000TOD,0,20131204,110607,33.260000000,2000
USD000000TOD,0,20131204,110608,33.260000000,11000
USD000000TOD,0,20131204,110619,33.262000000,28000
USD000000TOD,0,20131204,110625,33.260000000,5000
USD000000TOD,0,20131204,110630,33.263000000,500000
USD000000TOD,0,20131204,110630,33.263000000,500000
USD000000TOD,0,20131204,110630,33.260500000,2000
USD000000TOD,0,20131204,110630,33.260500000,48000
USD000000TOD,0,20131204,110635,33.262500000,500000
USD000000TOD,0,20131204,110635,33.263000000,220000
USD000000TOD,0,20131204,110635,33.262500000,100000
USD000000TOD,0,20131204,110635,33.260500000,6000
USD000000TOD,0,20131204,110648,33.260500000,200000
USD000000TOD,0,20131204,110658,33.262500000,1000
USD000000TOD,0,20131204,110658,33.262500000,617000
USD000000TOD,0,20131204,110701,33.262500000,28000
USD000000TOD,0,20131204,110705,33.260000000,50000
USD000000TOD,0,20131204,110707,33.262000000,25000
USD000000TOD,0,20131204,110707,33.262500000,500000
USD000000TOD,0,20131204,110707,33.262500000,262000
USD000000TOD,0,20131204,110707,33.262500000,1250000
USD000000TOD,0,20131204,110707,33.262500000,670000
USD000000TOD,0,20131204,110708,33.262500000,2293000
USD000000TOD,0,20131204,110716,33.260000000,13000
USD000000TOD,0,20131204,110718,33.260500000,37000
USD000000TOD,0,20131204,110718,33.260000000,168000
USD000000TOD,0,20131204,110718,33.260000000,100000
USD000000TOD,0,20131204,110728,33.259000000,25000
USD000000TOD,0,20131204,110758,33.260000000,500000
USD000000TOD,0,20131204,110759,33.258000000,19000
USD000000TOD,0,20131204,110801,33.258000000,1000
USD000000TOD,0,20131204,110807,33.258000000,1000
USD000000TOD,0,20131204,110807,33.258000000,4000
USD000000TOD,0,20131204,110807,33.258000000,9000
USD000000TOD,0,20131204,110807,33.258000000,16000
USD000000TOD,0,20131204,110810,33.260000000,33000
USD000000TOD,0,20131204,110810,33.260000000,10000
USD000000TOD,0,20131204,110810,33.260000000,200000
USD000000TOD,0,20131204,110810,33.260000000,200000
USD000000TOD,0,20131204,110811,33.260000000,1000
USD000000TOD,0,20131204,110811,33.260000000,11000
USD000000TOD,0,20131204,110811,33.260000000,38000
USD000000TOD,0,20131204,110811,33.260000000,7000
USD000000TOD,0,20131204,110811,33.258500000,5000
USD000000TOD,0,20131204,110811,33.258500000,2000
USD000000TOD,0,20131204,110811,33.258000000,12000
USD000000TOD,0,20131204,110814,33.258000000,3000
USD000000TOD,0,20131204,110814,33.258000000,1000
USD000000TOD,0,20131204,110814,33.258000000,6000
USD000000TOD,0,20131204,110814,33.258000000,1000
USD000000TOD,0,20131204,110814,33.258000000,5000
USD000000TOD,0,20131204,110814,33.258000000,3000
USD000000TOD,0,20131204,110814,33.258000000,3000
USD000000TOD,0,20131204,110814,33.258000000,4000
USD000000TOD,0,20131204,110814,33.258000000,4000
USD000000TOD,0,20131204,110814,33.258000000,1000
USD000000TOD,0,20131204,110814,33.258000000,27000
USD000000TOD,0,20131204,110814,33.258000000,1000
USD000000TOD,0,20131204,110814,33.258000000,4000
USD000000TOD,0,20131204,110815,33.258000000,3000
USD000000TOD,0,20131204,110815,33.258000000,3000
USD000000TOD,0,20131204,110815,33.258000000,2000
USD000000TOD,0,20131204,110815,33.258000000,11000
USD000000TOD,0,20131204,110815,33.258000000,3000
USD000000TOD,0,20131204,110815,33.258000000,14000
USD000000TOD,0,20131204,110815,33.258000000,5000
USD000000TOD,0,20131204,110815,33.258000000,20000
USD000000TOD,0,20131204,110815,33.258000000,3000
USD000000TOD,0,20131204,110815,33.258000000,5000
USD000000TOD,0,20131204,110815,33.258000000,1000
USD000000TOD,0,20131204,110815,33.258000000,1000
USD000000TOD,0,20131204,110815,33.258000000,8000
USD000000TOD,0,20131204,110815,33.258000000,1000
USD000000TOD,0,20131204,110816,33.258000000,23000
USD000000TOD,0,20131204,110816,33.258000000,8000
USD000000TOD,0,20131204,110816,33.258000000,24000
USD000000TOD,0,20131204,110818,33.258000000,9000
USD000000TOD,0,20131204,110839,33.258000000,1000
USD000000TOD,0,20131204,110853,33.259000000,20000
USD000000TOD,0,20131204,110853,33.259000000,50000
USD000000TOD,0,20131204,110853,33.259000000,1000
USD000000TOD,0,20131204,110920,33.261000000,7000
USD000000TOD,0,20131204,110920,33.261000000,44000
USD000000TOD,0,20131204,110920,33.259000000,5000
USD000000TOD,0,20131204,110923,33.259000000,44000
USD000000TOD,0,20131204,110924,33.261000000,56000
USD000000TOD,0,20131204,110934,33.260500000,50000
USD000000TOD,0,20131204,110937,33.261000000,50000
USD000000TOD,0,20131204,110942,33.261000000,9000
USD000000TOD,0,20131204,110958,33.260500000,1000
USD000000TOD,0,20131204,111008,33.260500000,1000
USD000000TOD,0,20131204,111009,33.260500000,42000
USD000000TOD,0,20131204,111009,33.260500000,1000
USD000000TOD,0,20131204,111010,33.260500000,5000
USD000000TOD,0,20131204,111010,33.260500000,30000
USD000000TOD,0,20131204,111012,33.260500000,19000
USD000000TOD,0,20131204,111015,33.260500000,1000
USD000000TOD,0,20131204,111022,33.260500000,4000
USD000000TOD,0,20131204,111023,33.262500000,1000000
USD000000TOD,0,20131204,111027,33.260500000,50000
USD000000TOD,0,20131204,111027,33.260500000,50000
USD000000TOD,0,20131204,111027,33.260500000,30000
USD000000TOD,0,20131204,111027,33.260000000,33000
USD000000TOD,0,20131204,111028,33.261000000,50000
USD000000TOD,0,20131204,111028,33.261000000,291000
USD000000TOD,0,20131204,111037,33.261500000,175000
USD000000TOD,0,20131204,111102,33.260500000,39000
USD000000TOD,0,20131204,111103,33.262500000,500000
USD000000TOD,0,20131204,111103,33.262500000,69000
USD000000TOD,0,20131204,111103,33.262500000,331000
USD000000TOD,0,20131204,111129,33.262500000,3000000
USD000000TOD,0,20131204,111136,33.260500000,1000
USD000000TOD,0,20131204,111137,33.260500000,400000
USD000000TOD,0,20131204,111137,33.260500000,99000
USD000000TOD,0,20131204,111137,33.260000000,17000
USD000000TOD,0,20131204,111137,33.260000000,10000
USD000000TOD,0,20131204,111137,33.260000000,100000
USD000000TOD,0,20131204,111137,33.259500000,500000
USD000000TOD,0,20131204,111137,33.259000000,100000
USD000000TOD,0,20131204,111137,33.259000000,100000
USD000000TOD,0,20131204,111137,33.259000000,27000
USD000000TOD,0,20131204,111137,33.258500000,47000
USD000000TOD,0,20131204,111137,33.258500000,33000
USD000000TOD,0,20131204,111137,33.258500000,17000
USD000000TOD,0,20131204,111137,33.258500000,49000
USD000000TOD,0,20131204,111146,33.261000000,50000
USD000000TOD,0,20131204,111146,33.261000000,50000
USD000000TOD,0,20131204,111146,33.261000000,50000
USD000000TOD,0,20131204,111147,33.261000000,50000
USD000000TOD,0,20131204,111147,33.261000000,150000
USD000000TOD,0,20131204,111147,33.260500000,500000
USD000000TOD,0,20131204,111147,33.260000000,100000
USD000000TOD,0,20131204,111147,33.260000000,200000
USD000000TOD,0,20131204,111147,33.260000000,300000
USD000000TOD,0,20131204,111147,33.258500000,400000
USD000000TOD,0,20131204,111147,33.258000000,230000
USD000000TOD,0,20131204,111147,33.258000000,1000
USD000000TOD,0,20131204,111147,33.257500000,30000
USD000000TOD,0,20131204,111147,33.257500000,30000
USD000000TOD,0,20131204,111147,33.257000000,384000
USD000000TOD,0,20131204,111147,33.259500000,260000
USD000000TOD,0,20131204,111147,33.259500000,140000
USD000000TOD,0,20131204,111147,33.259000000,6000
USD000000TOD,0,20131204,111147,33.259500000,200000
USD000000TOD,0,20131204,111154,33.259500000,199000
USD000000TOD,0,20131204,111154,33.259500000,496000
USD000000TOD,0,20131204,111154,33.259500000,860000
USD000000TOD,0,20131204,111154,33.259500000,74000
USD000000TOD,0,20131204,111154,33.259500000,871000
USD000000TOD,0,20131204,111154,33.262000000,80000
USD000000TOD,0,20131204,111154,33.262000000,400000
USD000000TOD,0,20131204,111154,33.262000000,100000
USD000000TOD,0,20131204,111154,33.262500000,98000
USD000000TOD,0,20131204,111156,33.263000000,27000
USD000000TOD,0,20131204,111156,33.263000000,135000
USD000000TOD,0,20131204,111224,33.261000000,63000
USD000000TOD,0,20131204,111240,33.262500000,50000
USD000000TOD,0,20131204,111240,33.262500000,1000000
USD000000TOD,0,20131204,111240,33.263000000,1118000
USD000000TOD,0,20131204,111240,33.263000000,1000000
USD000000TOD,0,20131204,111240,33.263000000,2045000
USD000000TOD,0,20131204,111240,33.263000000,500000
USD000000TOD,0,20131204,111240,33.263500000,331000
USD000000TOD,0,20131204,111256,33.263000000,10000
USD000000TOD,0,20131204,111256,33.263000000,13000
USD000000TOD,0,20131204,111256,33.263000000,13000
USD000000TOD,0,20131204,111307,33.263000000,88000
USD000000TOD,0,20131204,111309,33.263000000,876000
USD000000TOD,0,20131204,111309,33.263000000,1838000
USD000000TOD,0,20131204,111309,33.263000000,162000
USD000000TOD,0,20131204,111309,33.263000000,1000000
USD000000TOD,0,20131204,111309,33.263500000,1552000
USD000000TOD,0,20131204,111309,33.263500000,264000
USD000000TOD,0,20131204,111310,33.263500000,190000
USD000000TOD,0,20131204,111312,33.263500000,67000
USD000000TOD,0,20131204,111316,33.263500000,135000
USD000000TOD,0,20131204,111316,33.263500000,67000
USD000000TOD,0,20131204,111316,33.263500000,339000
USD000000TOD,0,20131204,111316,33.263500000,2749000
USD000000TOD,0,20131204,111316,33.263500000,2000
USD000000TOD,0,20131204,111316,33.263500000,1408000
USD000000TOD,0,20131204,111316,33.263500000,1818000
USD000000TOD,0,20131204,111316,33.264000000,310000
USD000000TOD,0,20131204,111316,33.264000000,1000
USD000000TOD,0,20131204,111316,33.264000000,1000
USD000000TOD,0,20131204,111316,33.264000000,233000
USD000000TOD,0,20131204,111316,33.264000000,52000
USD000000TOD,0,20131204,111316,33.264000000,1000
USD000000TOD,0,20131204,111317,33.264000000,196000
USD000000TOD,0,20131204,111317,33.264000000,251000
USD000000TOD,0,20131204,111317,33.264000000,295000
USD000000TOD,0,20131204,111318,33.264000000,705000
USD000000TOD,0,20131204,111323,33.263500000,9000
USD000000TOD,0,20131204,111323,33.263500000,153000
USD000000TOD,0,20131204,111328,33.264500000,411000
USD000000TOD,0,20131204,111335,33.265000000,33000
USD000000TOD,0,20131204,111344,33.265000000,200000
USD000000TOD,0,20131204,111347,33.265000000,5000
USD000000TOD,0,20131204,111352,33.265000000,262000
USD000000TOD,0,20131204,111352,33.265000000,500000
USD000000TOD,0,20131204,111352,33.265000000,400000
USD000000TOD,0,20131204,111352,33.265000000,3838000
USD000000TOD,0,20131204,111357,33.265000000,60000
USD000000TOD,0,20131204,111406,33.265000000,67000
USD000000TOD,0,20131204,111418,33.264500000,87000
USD000000TOD,0,20131204,111424,33.263000000,20000
USD000000TOD,0,20131204,111424,33.263000000,31000
USD000000TOD,0,20131204,111424,33.263000000,249000
USD000000TOD,0,20131204,111425,33.263000000,23000
USD000000TOD,0,20131204,111425,33.262000000,50000
USD000000TOD,0,20131204,111425,33.262000000,63000
USD000000TOD,0,20131204,111426,33.261500000,360000
USD000000TOD,0,20131204,111426,33.261000000,411000
USD000000TOD,0,20131204,111426,33.260500000,500000
USD000000TOD,0,20131204,111426,33.260500000,500000
USD000000TOD,0,20131204,111426,33.260000000,7000
USD000000TOD,0,20131204,111426,33.260000000,18000
USD000000TOD,0,20131204,111426,33.260000000,75000
USD000000TOD,0,20131204,111426,33.260000000,119000
USD000000TOD,0,20131204,111426,33.260000000,15000
USD000000TOD,0,20131204,111426,33.260000000,66000
USD000000TOD,0,20131204,111427,33.259500000,53000
USD000000TOD,0,20131204,111427,33.259500000,285000
USD000000TOD,0,20131204,111430,33.260000000,225000
USD000000TOD,0,20131204,111434,33.261000000,200000
USD000000TOD,0,20131204,111455,33.260500000,25000
USD000000TOD,0,20131204,111455,33.261000000,39000
USD000000TOD,0,20131204,111505,33.261000000,200000
USD000000TOD,0,20131204,111520,33.257500000,50000
USD000000TOD,0,20131204,111520,33.257500000,50000
USD000000TOD,0,20131204,111521,33.259000000,200000
USD000000TOD,0,20131204,111522,33.257500000,331000
USD000000TOD,0,20131204,111522,33.257500000,271000
USD000000TOD,0,20131204,111523,33.257000000,116000
USD000000TOD,0,20131204,111523,33.257000000,134000
USD000000TOD,0,20131204,111523,33.257000000,116000
USD000000TOD,0,20131204,111523,33.257500000,4398000
USD000000TOD,0,20131204,111523,33.257500000,37000
USD000000TOD,0,20131204,111527,33.257000000,24000
USD000000TOD,0,20131204,111527,33.256500000,200000
USD000000TOD,0,20131204,111527,33.256500000,50000
USD000000TOD,0,20131204,111527,33.256500000,50000
USD000000TOD,0,20131204,111527,33.256500000,120000
USD000000TOD,0,20131204,111531,33.257500000,67000
USD000000TOD,0,20131204,111531,33.257500000,4000
USD000000TOD,0,20131204,111531,33.257500000,43000
USD000000TOD,0,20131204,111531,33.257500000,3000
USD000000TOD,0,20131204,111531,33.257500000,1000
USD000000TOD,0,20131204,111533,33.256500000,137000
USD000000TOD,0,20131204,111536,33.257500000,1000000
USD000000TOD,0,20131204,111538,33.257000000,95000
USD000000TOD,0,20131204,111538,33.257500000,3882000
USD000000TOD,0,20131204,111542,33.257500000,1000000
USD000000TOD,0,20131204,111542,33.257500000,118000
USD000000TOD,0,20131204,111542,33.256000000,1000
USD000000TOD,0,20131204,111542,33.256000000,1000
USD000000TOD,0,20131204,111542,33.256000000,400000
USD000000TOD,0,20131204,111542,33.255500000,78000
USD000000TOD,0,20131204,111542,33.255500000,1000
USD000000TOD,0,20131204,111542,33.255500000,50000
USD000000TOD,0,20131204,111542,33.255500000,200000
USD000000TOD,0,20131204,111542,33.255500000,15000
USD000000TOD,0,20131204,111542,33.255500000,200000
USD000000TOD,0,20131204,111542,33.255500000,271000
USD000000TOD,0,20131204,111542,33.255500000,200000
USD000000TOD,0,20131204,111542,33.255500000,103000
USD000000TOD,0,20131204,111542,33.256500000,897000
USD000000TOD,0,20131204,111543,33.256500000,85000
USD000000TOD,0,20131204,111544,33.256500000,85000
USD000000TOD,0,20131204,111544,33.256500000,290000
USD000000TOD,0,20131204,111545,33.257000000,50000
USD000000TOD,0,20131204,111546,33.257000000,40000
USD000000TOD,0,20131204,111548,33.257000000,6000
USD000000TOD,0,20131204,111549,33.255000000,1000
USD000000TOD,0,20131204,111549,33.255000000,1000
USD000000TOD,0,20131204,111549,33.255000000,100000
USD000000TOD,0,20131204,111549,33.254500000,100000
USD000000TOD,0,20131204,111549,33.254000000,1000
USD000000TOD,0,20131204,111549,33.254000000,199000
USD000000TOD,0,20131204,111553,33.255000000,181000
USD000000TOD,0,20131204,111553,33.255000000,1000
USD000000TOD,0,20131204,111553,33.257000000,154000
USD000000TOD,0,20131204,111553,33.257000000,375000
USD000000TOD,0,20131204,111613,33.256500000,25000
USD000000TOD,0,20131204,111625,33.255000000,55000
USD000000TOD,0,20131204,111625,33.253000000,50000
USD000000TOD,0,20131204,111625,33.253000000,10000
USD000000TOD,0,20131204,111625,33.253000000,50000
USD000000TOD,0,20131204,111625,33.252500000,1000
USD000000TOD,0,20131204,111625,33.254000000,50000
USD000000TOD,0,20131204,111625,33.254500000,500000
USD000000TOD,0,20131204,111625,33.254500000,500000
USD000000TOD,0,20131204,111625,33.254500000,400000
USD000000TOD,0,20131204,111625,33.256000000,2412000
USD000000TOD,0,20131204,111625,33.256000000,400000
USD000000TOD,0,20131204,111625,33.257000000,8054000
USD000000TOD,0,20131204,111625,33.257000000,784000
USD000000TOD,0,20131204,111625,33.257000000,200000
USD000000TOD,0,20131204,111625,33.257000000,944000
USD000000TOD,0,20131204,111625,33.257000000,780000
USD000000TOD,0,20131204,111625,33.252000000,100000
USD000000TOD,0,20131204,111625,33.251000000,100000
USD000000TOD,0,20131204,111625,33.251000000,3000
USD000000TOD,0,20131204,111625,33.250500000,80000
USD000000TOD,0,20131204,111625,33.250000000,274000
USD000000TOD,0,20131204,111625,33.252000000,50000
USD000000TOD,0,20131204,111625,33.252000000,50000
USD000000TOD,0,20131204,111625,33.254500000,50000
USD000000TOD,0,20131204,111625,33.254500000,33000
USD000000TOD,0,20131204,111625,33.254500000,50000
USD000000TOD,0,20131204,111625,33.251000000,443000
USD000000TOD,0,20131204,111625,33.252500000,500000
USD000000TOD,0,20131204,111625,33.252500000,450000
USD000000TOD,0,20131204,111625,33.252500000,297000
USD000000TOD,0,20131204,111625,33.252500000,450000
USD000000TOD,0,20131204,111625,33.252500000,1003000
USD000000TOD,0,20131204,111625,33.251500000,119000
USD000000TOD,0,20131204,111626,33.251500000,443000
USD000000TOD,0,20131204,111626,33.252500000,400000
USD000000TOD,0,20131204,111626,33.254500000,83000
USD000000TOD,0,20131204,111626,33.254500000,35000
USD000000TOD,0,20131204,111626,33.254500000,48000
USD000000TOD,0,20131204,111626,33.253500000,500000
USD000000TOD,0,20131204,111626,33.253500000,20000
USD000000TOD,0,20131204,111626,33.254000000,79000
USD000000TOD,0,20131204,111643,33.257500000,27000
USD000000TOD,0,20131204,111643,33.257500000,10000
USD000000TOD,0,20131204,111644,33.258000000,208000
USD000000TOD,0,20131204,111644,33.257500000,200000
USD000000TOD,0,20131204,111645,33.256500000,500000
USD000000TOD,0,20131204,111645,33.256500000,300000
USD000000TOD,0,20131204,111647,33.257500000,5000
USD000000TOD,0,20131204,111648,33.257500000,16000
USD000000TOD,0,20131204,111649,33.257500000,6000
USD000000TOD,0,20131204,111651,33.257500000,10000
USD000000TOD,0,20131204,111651,33.257500000,90000
USD000000TOD,0,20131204,111651,33.257500000,1000
USD000000TOD,0,20131204,111651,33.257500000,72000
USD000000TOD,0,20131204,111657,33.257000000,500000
USD000000TOD,0,20131204,111657,33.257000000,331000
USD000000TOD,0,20131204,111657,33.257500000,192000
USD000000TOD,0,20131204,111658,33.258000000,80000
USD000000TOD,0,20131204,111708,33.256000000,1000
USD000000TOD,0,20131204,111718,33.258000000,86000
USD000000TOD,0,20131204,111720,33.258000000,1626000
USD000000TOD,0,20131204,111720,33.258000000,86000
USD000000TOD,0,20131204,111807,33.255000000,10000
USD000000TOD,0,20131204,111808,33.255000000,15000
USD000000TOD,0,20131204,111808,33.256500000,80000
USD000000TOD,0,20131204,111808,33.256500000,435000
USD000000TOD,0,20131204,111808,33.257000000,114000
USD000000TOD,0,20131204,111808,33.257000000,162000
USD000000TOD,0,20131204,111808,33.257000000,93000
USD000000TOD,0,20131204,111808,33.257000000,1000000
USD000000TOD,0,20131204,111808,33.257000000,233000
USD000000TOD,0,20131204,111808,33.257000000,85000
USD000000TOD,0,20131204,111808,33.257000000,313000
USD000000TOD,0,20131204,111822,33.259500000,4000
USD000000TOD,0,20131204,111825,33.259500000,66000
USD000000TOD,0,20131204,111837,33.259500000,27000
USD000000TOD,0,20131204,111837,33.257500000,500000
USD000000TOD,0,20131204,111837,33.257500000,26000
USD000000TOD,0,20131204,111902,33.259000000,80000
USD000000TOD,0,20131204,111902,33.257500000,1000
USD000000TOD,0,20131204,111902,33.257500000,80000
USD000000TOD,0,20131204,111902,33.257500000,5000
USD000000TOD,0,20131204,111902,33.257500000,114000
USD000000TOD,0,20131204,111909,33.259000000,15000
USD000000TOD,0,20131204,111917,33.259000000,200000
USD000000TOD,0,20131204,111927,33.258000000,9000
USD000000TOD,0,20131204,111929,33.259000000,40000
USD000000TOD,0,20131204,111929,33.259000000,67000
USD000000TOD,0,20131204,111930,33.259000000,100000
USD000000TOD,0,20131204,111931,33.259000000,2000
USD000000TOD,0,20131204,111931,33.259000000,3000
USD000000TOD,0,20131204,111931,33.259000000,5000
USD000000TOD,0,20131204,111931,33.259000000,8000
USD000000TOD,0,20131204,111931,33.259000000,2000
USD000000TOD,0,20131204,111934,33.259000000,492000
USD000000TOD,0,20131204,111934,33.259000000,7000
USD000000TOD,0,20131204,111934,33.259000000,26000
USD000000TOD,0,20131204,111934,33.259000000,21000
USD000000TOD,0,20131204,111934,33.259000000,886000
USD000000TOD,0,20131204,111934,33.259000000,126000
USD000000TOD,0,20131204,111942,33.260000000,50000
USD000000TOD,0,20131204,111944,33.260000000,100000
USD000000TOD,0,20131204,111945,33.259000000,3000
USD000000TOD,0,20131204,111945,33.259000000,300000
USD000000TOD,0,20131204,111950,33.260000000,26000
USD000000TOD,0,20131204,111950,33.260000000,54000
USD000000TOD,0,20131204,111950,33.260000000,678000
USD000000TOD,0,20131204,111950,33.260000000,141000
USD000000TOD,0,20131204,111950,33.260000000,2000
USD000000TOD,0,20131204,111950,33.260000000,3000
USD000000TOD,0,20131204,111950,33.260000000,2153000
USD000000TOD,0,20131204,111950,33.260000000,200000
USD000000TOD,0,20131204,111950,33.260000000,1822000
USD000000TOD,0,20131204,111950,33.260000000,8000
USD000000TOD,0,20131204,111950,33.260000000,200000
USD000000TOD,0,20131204,111950,33.260000000,574000
USD000000TOD,0,20131204,111950,33.260000000,200000
USD000000TOD,0,20131204,111950,33.260000000,15000
USD000000TOD,0,20131204,111950,33.260000000,250000
USD000000TOD,0,20131204,111950,33.260000000,369000
USD000000TOD,0,20131204,111950,33.260000000,3000
USD000000TOD,0,20131204,111950,33.260000000,1000
USD000000TOD,0,20131204,111951,33.260000000,791000
USD000000TOD,0,20131204,111951,33.260000000,250000
USD000000TOD,0,20131204,111951,33.259000000,1258000
USD000000TOD,0,20131204,111951,33.259000000,2000000
USD000000TOD,0,20131204,111951,33.259000000,500000
USD000000TOD,0,20131204,111951,33.259000000,242000
USD000000TOD,0,20131204,111951,33.260000000,393000
USD000000TOD,0,20131204,111953,33.260000000,200000
USD000000TOD,0,20131204,111953,33.260000000,500000
USD000000TOD,0,20131204,111957,33.260000000,89000
USD000000TOD,0,20131204,111957,33.259500000,500000
USD000000TOD,0,20131204,111959,33.260000000,928000
USD000000TOD,0,20131204,111959,33.260000000,250000
USD000000TOD,0,20131204,111959,33.260000000,200000
USD000000TOD,0,20131204,111959,33.260000000,242000
USD000000TOD,0,20131204,112001,33.260500000,135000
USD000000TOD,0,20131204,112002,33.260500000,36000
USD000000TOD,0,20131204,112002,33.261000000,45000
USD000000TOD,0,20131204,112011,33.260000000,100000
USD000000TOD,0,20131204,112011,33.260000000,390000
USD000000TOD,0,20131204,112016,33.262500000,50000
USD000000TOD,0,20131204,112019,33.262500000,128000
USD000000TOD,0,20131204,112019,33.262500000,200000
USD000000TOD,0,20131204,112019,33.263000000,1000000
USD000000TOD,0,20131204,112019,33.263000000,744000
USD000000TOD,0,20131204,112025,33.259000000,500000
USD000000TOD,0,20131204,112025,33.259000000,50000
USD000000TOD,0,20131204,112025,33.258000000,500000
USD000000TOD,0,20131204,112025,33.257500000,50000
USD000000TOD,0,20131204,112025,33.257500000,256000
USD000000TOD,0,20131204,112025,33.259000000,360000
USD000000TOD,0,20131204,112025,33.259000000,190000
USD000000TOD,0,20131204,112025,33.262000000,114000
USD000000TOD,0,20131204,112119,33.261500000,75000
USD000000TOD,0,20131204,112119,33.261500000,10000
USD000000TOD,0,20131204,112119,33.261500000,215000
USD000000TOD,0,20131204,112139,33.259000000,215000
USD000000TOD,0,20131204,112139,33.259000000,200000
USD000000TOD,0,20131204,112142,33.259500000,11000
USD000000TOD,0,20131204,112142,33.261000000,29000
USD000000TOD,0,20131204,112145,33.260000000,39000
USD000000TOD,0,20131204,112155,33.258500000,20000
USD000000TOD,0,20131204,112155,33.258500000,10000
USD000000TOD,0,20131204,112155,33.255500000,105000
USD000000TOD,0,20131204,112156,33.258000000,370000
USD000000TOD,0,20131204,112157,33.257500000,50000
USD000000TOD,0,20131204,112159,33.257500000,113000
USD000000TOD,0,20131204,112159,33.258000000,49000
USD000000TOD,0,20131204,112204,33.258000000,81000
USD000000TOD,0,20131204,112204,33.258000000,101000
